@inproceedings{realtime:vqa,
  title={VizWiz: nearly real-time answers to visual questions},
  author={Bigham, Jeffrey P and Jayant, Chandrika and Ji, Hanjie and Little, Greg and Miller, Andrew and Miller, Robert C and Miller, Robin and Tatarowicz, Aubrey and White, Brandyn and White, Samual and others},
  booktitle={Proceedings of the 23nd annual ACM symposium on User interface software and technology},
  pages={333--342},
  year={2010},
  organization={ACM}
}

@inproceedings{daquar,
  title={A multi-world approach to question answering about real-world scenes based on uncertain input},
  author={Malinowski, Mateusz and Fritz, Mario},
  booktitle={Advances in Neural Information Processing Systems},
  pages={1682--1690},
  year={2014}
}

@article{lecun2015deep,
  title={Deep learning},
  author={LeCun, Yann and Bengio, Yoshua and Hinton, Geoffrey},
  journal={Nature},
  volume={521},
  number={7553},
  pages={436--444},
  year={2015},
  publisher={Nature Research}
} 

@inproceedings{ctc,
  title={Connectionist temporal classification: labelling unsegmented sequence data with recurrent neural networks},
  author={Graves, Alex and Fern{\'a}ndez, Santiago and Gomez, Faustino and Schmidhuber, J{\"u}rgen},
  booktitle={Proceedings of the 23rd international conference on Machine learning},
  pages={369--376},
  year={2006},
  organization={ACM}
}


@Inbook{rnn:discrimspotting,
author="Fern{\'a}ndez, Santiago
and Graves, Alex
and Schmidhuber, J{\"u}rgen",
editor="de S{\'a}, Joaquim Marques
and Alexandre, Lu{\'i}s A.
and Duch, W{\l}odzis{\l}aw
and Mandic, Danilo",
title="An Application of Recurrent Neural Networks to Discriminative Keyword Spotting",
bookTitle="Artificial Neural Networks -- ICANN 2007: 17th International Conference, Porto, Portugal, September 9-13, 2007, Proceedings, Part II",
year="2007",
publisher="Springer Berlin Heidelberg",
address="Berlin, Heidelberg",
pages="220--229",
isbn="978-3-540-74695-9",
doi="10.1007/978-3-540-74695-9_23",
url="http://dx.doi.org/10.1007/978-3-540-74695-9_23"
}


@article{deepspeech2,
  title={Deep speech 2: End-to-end speech recognition in english and mandarin},
  author={Amodei, Dario and Anubhai, Rishita and Battenberg, Eric and Case, Carl and Casper, Jared and Catanzaro, Bryan and Chen, Jingdong and Chrzanowski, Mike and Coates, Adam and Diamos, Greg and others},
  journal={arXiv preprint arXiv:1512.02595},
  year={2015}
}


@article{vqa:simp,
  title={Simple baseline for visual question answering},
  author={Zhou, Bolei and Tian, Yuandong and Sukhbaatar, Sainbayar and Szlam, Arthur and Fergus, Rob},
  journal={arXiv preprint arXiv:1512.02167},
  year={2015}
}

@inproceedings{vqa:spatial:attn,
  title={Ask, attend and answer: Exploring question-guided spatial attention for visual question answering},
  author={Xu, Huijuan and Saenko, Kate},
  booktitle={European Conference on Computer Vision},
  pages={451--466},
  year={2016},
  organization={Springer}
}

@inproceedings{dnn:selective:attn,
  title={Deep networks with internal selective attention through feedback connections},
  author={Stollenga, Marijn F and Masci, Jonathan and Gomez, Faustino and Schmidhuber, J{\"u}rgen},
  booktitle={Advances in Neural Information Processing Systems},
  pages={3545--3553},
  year={2014}
}

@inproceedings{recurrent:visual:attn,
  title={Recurrent models of visual attention},
  author={Mnih, Volodymyr and Heess, Nicolas and Graves, Alex and others},
  booktitle={Advances in neural information processing systems},
  pages={2204--2212},
  year={2014}
}

@INPROCEEDINGS{kaldi,
         author = {Povey, Daniel and Ghoshal, Arnab and Boulianne, Gilles and Burget, Lukas and Glembek, Ondrej and Goel, Nagendra and Hannemann, Mirko and Motlicek, Petr and Qian, Yanmin and Schwarz, Petr and Silovsky, Jan and Stemmer, Georg and Vesely, Karel},
       keywords = {ASR, Automatic Speech Recognition, GMM, HTK, SGMM},
          month = dec,
          title = {The Kaldi Speech Recognition Toolkit},
      booktitle = {IEEE 2011 Workshop on Automatic Speech Recognition and Understanding},
           year = {2011},
      publisher = {IEEE Signal Processing Society},
       location = {Hilton Waikoloa Village, Big Island, Hawaii, US},
           note = {IEEE Catalog No.: CFP11SRW-USB},
}

@article{VQA2,
  author    = {Yash Goyal and
               Tejas Khot and
               Douglas Summers{-}Stay and
               Dhruv Batra and
               Devi Parikh},
  title     = {Making the {V} in {VQA} Matter: Elevating the Role of Image Understanding
               in Visual Question Answering},
  journal   = {CoRR},
  volume    = {abs/1612.00837},
  year      = {2016},
  url       = {http://arxiv.org/abs/1612.00837},
  timestamp = {Mon, 02 Jan 2017 11:09:15 +0100},
  biburl    = {http://dblp.uni-trier.de/rec/bib/journals/corr/GoyalKSBP16},
  bibsource = {dblp computer science bibliography, http://dblp.org}
}

@inproceedings{urban8k,
  author    = {Justin Salamon and
               Christopher Jacoby and
               Juan Pablo Bello},
  title     = {A Dataset and Taxonomy for Urban Sound Research},
  booktitle = {Proceedings of the {ACM} International Conference on Multimedia, {MM}
               '14, Orlando, FL, USA, November 03 - 07, 2014},
  pages     = {1041--1044},
  year      = {2014},
  crossref  = {DBLP:conf/mm/2014},
  url       = {http://doi.acm.org/10.1145/2647868.2655045},
  doi       = {10.1145/2647868.2655045},
  timestamp = {Fri, 06 Mar 2015 11:12:17 +0100},
  biburl    = {http://dblp.uni-trier.de/rec/bib/conf/mm/SalamonJB14},
  bibsource = {dblp computer science bibliography, http://dblp.org}
}

@article{soundnet,
  author    = {Yusuf Aytar and
               Carl Vondrick and
               Antonio Torralba},
  title     = {SoundNet: Learning Sound Representations from Unlabeled Video},
  journal   = {CoRR},
  volume    = {abs/1610.09001},
  year      = {2016},
  url       = {http://arxiv.org/abs/1610.09001},
  timestamp = {Wed, 02 Nov 2016 09:51:26 +0100},
  biburl    = {http://dblp.uni-trier.de/rec/bib/journals/corr/AytarVT16},
  bibsource = {dblp computer science bibliography, http://dblp.org}
}

@inproceedings{align:bookmovie,
  title={Aligning books and movies: Towards story-like visual explanations by watching movies and reading books},
  author={Zhu, Yukun and Kiros, Ryan and Zemel, Rich and Salakhutdinov, Ruslan and Urtasun, Raquel and Torralba, Antonio and Fidler, Sanja},
  booktitle={Proceedings of the IEEE International Conference on Computer Vision},
  pages={19--27},
  year={2015}
}

@article{vqa:dualattn,
  title={Dual Attention Networks for Multimodal Reasoning and Matching},
  author={Hyeonseob Nam and Jung-Woo Ha and Jeonghee Kim},
  journal={CoRR},
  year={2016},
  volume={abs/1611.00471}
}

@inproceedings{vqa:stackedattn,
  title={Stacked attention networks for image question answering},
  author={Yang, Zichao and He, Xiaodong and Gao, Jianfeng and Deng, Li and Smola, Alex},
  booktitle={Proceedings of the IEEE Conference on Computer Vision and Pattern Recognition},
  pages={21--29},
  year={2016}
}

@misc{vqa:hieco,
author = {Lu, Jiasen and Yang, Jianwei and Batra, Dhruv and Parikh, Devi},
title = {Hierarchical Question-Image Co-Attention for Visual Question Answering},
journal = {arXiv preprint arXiv:1606.00061v2},
year = {2016}
}

@article{vqa:dynamicmemory,
  title={Dynamic memory networks for visual and textual question answering},
  author={Xiong, Caiming and Merity, Stephen and Socher, Richard},
  journal={arXiv},
  volume={1603},
  year={2016}
}

@article{nmt:joint:align,
  title={Neural machine translation by jointly learning to align and translate},
  author={Bahdanau, Dzmitry and Cho, Kyunghyun and Bengio, Yoshua},
  journal={arXiv preprint arXiv:1409.0473},
  year={2014}
}

@article{speech:faster,
  title={Speech Is 3x Faster than Typing for English and Mandarin Text Entry on Mobile Devices},
  author={Ruan, Sherry and Wobbrock, Jacob O and Liou, Kenny and Ng, Andrew and Landay, James},
  journal={arXiv preprint arXiv:1608.07323},
  year={2016}
}

@article{nmt:joint:align,
  author    = {Dzmitry Bahdanau and
               Kyunghyun Cho and
               Yoshua Bengio},
  title     = {Neural Machine Translation by Jointly Learning to Align and Translate},
  journal   = {CoRR},
  volume    = {abs/1409.0473},
  year      = {2014},
  url       = {http://arxiv.org/abs/1409.0473},
  timestamp = {Wed, 01 Oct 2014 15:00:04 +0200},
  biburl    = {http://dblp.uni-trier.de/rec/bib/journals/corr/BahdanauCB14},
  bibsource = {dblp computer science bibliography, http://dblp.org}
}

@inproceedings{speech:caption,
  title={Unsupervised Learning of Spoken Language with Visual Context},
  author={Harwath, David and Torralba, Antonio and Glass, James},
  booktitle={Advances in Neural Information Processing Systems},
  pages={1858--1866},
  year={2016}
}

@inproceedings{mscoco,
  title={Microsoft coco: Common objects in context},
  author={Lin, Tsung-Yi and Maire, Michael and Belongie, Serge and Hays, James and Perona, Pietro and Ramanan, Deva and Doll{\'a}r, Piotr and Zitnick, C Lawrence},
  booktitle={European Conference on Computer Vision},
  year={2014},
}

@inproceedings{hu2016segmentation,
  title={Segmentation from natural language expressions},
  author={Hu, Ronghang and Rohrbach, Marcus and Darrell, Trevor},
  booktitle={European Conference on Computer Vision},
  pages={108--124},
  year={2016},
  organization={Springer}
}

@inproceedings{show:attend:tell,
  title={Show, Attend and Tell: Neural Image Caption Generation with Visual Attention.},
  author={Xu, Kelvin and Ba, Jimmy and Kiros, Ryan and Cho, Kyunghyun and Courville, Aaron C and Salakhutdinov, Ruslan and Zemel, Richard S and Bengio, Yoshua},
  booktitle={ICML},
  volume={14},
  pages={77--81},
  year={2015}
}

@article{andreas2016learning,
  title={Learning to compose neural networks for question answering},
  author={Andreas, Jacob and Rohrbach, Marcus and Darrell, Trevor and Klein, Dan},
  journal={arXiv preprint arXiv:1601.01705},
  year={2016}
}

@article{multimodal:pooling,
  title={Multimodal compact bilinear pooling for visual question answering and visual grounding},
  author={Fukui, Akira and Park, Dong Huk and Yang, Daylen and Rohrbach, Anna and Darrell, Trevor and Rohrbach, Marcus},
  journal={arXiv preprint arXiv:1606.01847},
  year={2016}
}

@InProceedings{VQA,
author = {Stanislaw Antol and Aishwarya Agrawal and Jiasen Lu and Margaret Mitchell and Dhruv Batra and C. Lawrence Zitnick and Devi Parikh},
title = {VQA: Visual Question Answering},
booktitle = {International Conference on Computer Vision (ICCV)},
year = {2015}
}

@inproceedings{caption:back,
  title={From captions to visual concepts and back},
  author={Fang, Hao and Gupta, Saurabh and Iandola, Forrest and Srivastava, Rupesh K and Deng, Li and Doll{\'a}r, Piotr and Gao, Jianfeng and He, Xiaodong and Mitchell, Margaret and Platt, John C and others},
  booktitle={Proceedings of the IEEE Conference on Computer Vision and Pattern Recognition},
  pages={1473--1482},
  year={2015}
}


@incollection{Logic:conversation,
  author      = "Grice, H.P",
  title       = "Syntax and Semantics: Speech Acts",
  editor      = "P. Cole and J.L. Morgan ",
  booktitle   = "Syntax and Semantics: Speech Actsn",
  publisher   = "Academic Press",
  year        = 1975,
  pages       = "41–58",
  volume     = "3",
}

@INPROCEEDINGS{vgg16,
  author = {Simonyan, K. and Zisserman, A.},
  title = {Very Deep Convolutional Networks for Large-Scale Image Recognition},
  booktitle = {ICLR},
  year = {2015}
}

@article{imagenet:2015,
  title={Imagenet large scale visual recognition challenge},
  author={Russakovsky, Olga and Deng, Jia and Su, Hao and Krause, Jonathan and Satheesh, Sanjeev and Ma, Sean and Huang, Zhiheng and Karpathy, Andrej and Khosla, Aditya and Bernstein, Michael and others},
  journal={International Journal of Computer Vision},
  volume={115},
  number={3},
  pages={211--252},
  year={2015}
}

@InProceedings{two:stream:nips14,
  author       = "Simonyan, K. and Zisserman, A.",
  title        = "Two-Stream Convolutional Networks for Action Recognition in Videos",
  booktitle    = "Advances in Neural Information Processing Systems",
  year         = "2014",
}


@inproceedings{rgbd:net:eccv14,
  title={Learning rich features from RGB-D images for object detection and segmentation},
  author={Gupta, Saurabh and Girshick, Ross and Arbel{\'a}ez, Pablo and Malik, Jitendra},
  booktitle={European Conference on Computer Vision},
  year={2014}}

@article{lstm,
  title={Long short-term memory},
  author={Hochreiter, Sepp and Schmidhuber, J{\"u}rgen},
  journal={Neural computation},
  volume={9},
  number={8},
  pages={1735--1780},
  year={1997},
  publisher={MIT Press}
}

@inproceedings{cityscape,
title={The Cityscapes Dataset for Semantic Urban Scene Understanding},
author={Cordts, Marius and Omran, Mohamed and Ramos, Sebastian and Rehfeld, Timo and Enzweiler, Markus and Benenson, Rodrigo and Franke, Uwe and Roth, Stefan and Schiele, Bernt},
booktitle={Proc. of the IEEE Conference on Computer Vision and Pattern Recognition (CVPR)},
year={2016}
}

@article{fukui16mcb,
  title={Multimodal Compact Bilinear Pooling for Visual Question Answering and Visual Grounding},
  author={Fukui, Akira and Park, Dong Huk and Yang, Daylen and Rohrbach, Anna and Darrell, Trevor and Rohrbach, Marcus},
  journal={arXiv:1606.01847},
  year={2016},
}

@inproceedings{exploraing:models:data:vqa,
  title={Exploring models and data for image question answering},
  author={Ren, Mengye and Kiros, Ryan and Zemel, Richard},
  booktitle={Advances in Neural Information Processing Systems},
  pages={2953--2961},
  year={2015}
}

@inproceedings{ask:your:neurons,
  title={Ask your neurons: A neural-based approach to answering questions about images},
  author={Malinowski, Mateusz and Rohrbach, Marcus and Fritz, Mario},
  booktitle={Proceedings of the IEEE International Conference on Computer Vision},
  pages={1--9},
  year={2015}
}


@inproceedings{long-term:recurrent,
  title={Long-term recurrent convolutional networks for visual recognition and description},
  author={Donahue, Jeffrey and Anne Hendricks, Lisa and Guadarrama, Sergio and Rohrbach, Marcus and Venugopalan, Subhashini and Saenko, Kate and Darrell, Trevor},
  booktitle={CVPR},
  year={2015}
}

@inproceedings{glove,
  author = {Jeffrey Pennington and Richard Socher and Christopher D. Manning},
  booktitle = {Empirical Methods in Natural Language Processing (EMNLP)},
  title = {GloVe: Global Vectors for Word Representation},
  year = {2014},
  pages = {1532--1543},
}


@inproceedings{Nagaraja2016,
author="Nagaraja, Varun K.
and Morariu, Vlad I.
and Davis, Larry S.",
title="Modeling Context Between Objects for Referring Expression Understanding",
booktitle="ECCV",
year="2016"
}



@article{brown2006watching,
  title={Watching the eyes when talking about size: An investigation of message formulation and utterance planning},
  author={Brown-Schmidt, Sarah and Tanenhaus, Michael K},
  journal={Journal of Memory and Language},
  volume={54},
  number={4},
  pages={592--609},
  year={2006},
  publisher={Elsevier}
}


@inproceedings{mitchell2013generating,
  title={Generating Expressions that Refer to Visible Objects.},
  author={Mitchell, Margaret and Van Deemter, Kees and Reiter, Ehud},
  year={2013}
}


@inproceedings{frome2013devise,
  title={Devise: A deep visual-semantic embedding model},
  author={Frome, Andrea and Corrado, Greg S and Shlens, Jon and Bengio, Samy and Dean, Jeff and Mikolov, Tomas and others},
  booktitle={Advances in neural information processing systems},
  pages={2121--2129},
  year={2013}
}

@inproceedings{deep:semantic:alignment:cvpr15,
  title={Deep visual-semantic alignments for generating image descriptions},
  author={Karpathy, Andrej and Fei-Fei, Li},
  booktitle={Proceedings of the IEEE Conference on Computer Vision and Pattern Recognition},
  pages={3128--3137},
  year={2015}
}

@inproceedings{densecap:cvpr16,
  title={Densecap: Fully convolutional localization networks for dense captioning},
  author={Johnson, Justin and Karpathy, Andrej and Fei-Fei, Li},
  booktitle={Proceedings of the IEEE Conference on Computer Vision and Pattern Recognition},
  pages={4565--4574},
  year={2016}
}

@article{phloc,
  author    = {Bryan A. Plummer and
               Arun Mallya and
               Christopher M. Cervantes and
               Julia Hockenmaier and
               Svetlana Lazebnik},
  title     = {Phrase Localization and Visual Relationship Detection with Comprehensive Linguistic Cues},
  journal   = {CoRR},
  volume    = {abs/1611.06641},
  year      = {2016},
  url       = {http://arxiv.org/abs/1611.06641},
  timestamp = {Thu, 01 Dec 2016 19:32:08 +0100},
  biburl    = {http://dblp.uni-trier.de/rec/bib/journals/corr/PlummerMCHL16},
  bibsource = {dblp computer science bibliography, http://dblp.org}
}
@inproceedings{wang2016structured,
  title={Structured matching for phrase localization},
  author={Wang, Mingzhe and Azab, Mahmoud and Kojima, Noriyuki and Mihalcea, Rada and Deng, Jia},
  booktitle={European Conference on Computer Vision},
  pages={696--711},
  year={2016},
  organization={Springer}
}
@inproceedings{rohrbach2016grounding,
  title={Grounding of textual phrases in images by reconstruction},
  author={Rohrbach, Anna and Rohrbach, Marcus and Hu, Ronghang and Darrell, Trevor and Schiele, Bernt},
  booktitle={European Conference on Computer Vision},
  pages={817--834},
  year={2016},
  organization={Springer}
}
@inproceedings{yu2016modeling,
  title={Modeling context in referring expressions},
  author={Yu, Licheng and Poirson, Patrick and Yang, Shan and Berg, Alexander C and Berg, Tamara L},
  booktitle={European Conference on Computer Vision},
  pages={69--85},
  year={2016},
  organization={Springer}
}
@inproceedings{hu2016natural,
  title={Natural language object retrieval},
  author={Hu, Ronghang and Xu, Huazhe and Rohrbach, Marcus and Feng, Jiashi and Saenko, Kate and Darrell, Trevor},
  booktitle={Proceedings of the IEEE Conference on Computer Vision and Pattern Recognition},
  pages={4555--4564},
  year={2016}
}
@inproceedings{mao2016generation,
  title={Generation and comprehension of unambiguous object descriptions},
  author={Mao, Junhua and Huang, Jonathan and Toshev, Alexander and Camburu, Oana and Yuille, Alan L and Murphy, Kevin},
  booktitle={Proceedings of the IEEE Conference on Computer Vision and Pattern Recognition},
  pages={11--20},
  year={2016}
}
@inproceedings{ZitnickECCV14edgeBoxes,
  author    = {C. Lawrence Zitnick and Piotr Doll\'ar},
  title     = {Edge Boxes: Locating Object Proposals from Edges},
  booktitle = {ECCV},
  year      = {2014},
}
@inproceedings{renNIPS15fasterrcnn,
    Author = {Shaoqing Ren and Kaiming He and Ross Girshick and Jian Sun},
    Title = {Faster {R-CNN}: Towards Real-Time Object Detection
             with Region Proposal Networks},
    Booktitle = {Advances in Neural Information Processing Systems ({NIPS})},
    Year = {2015}
}
@inproceedings{van2011segmentation,
  title={Segmentation as selective search for object recognition},
  author={Van de Sande, Koen EA and Uijlings, Jasper RR and Gevers, Theo and Smeulders, Arnold WM},
  booktitle={Computer Vision (ICCV), 2011 IEEE International Conference on},
  pages={1879--1886},
  year={2011},
  organization={IEEE}
}
@inproceedings{arbelaez2014multiscale,
  title={Multiscale combinatorial grouping},
  author={Arbel{\'a}ez, Pablo and Pont-Tuset, Jordi and Barron, Jonathan T and Marques, Ferran and Malik, Jitendra},
  booktitle={Proceedings of the IEEE Conference on Computer Vision and Pattern Recognition},
  pages={328--335},
  year={2014}
}
@inproceedings{li2016tgif,
  title={Tgif: A new dataset and benchmark on animated gif description},
  author={Li, Yuncheng and Song, Yale and Cao, Liangliang and Tetreault, Joel and Goldberg, Larry and Jaimes, Alejandro and Luo, Jiebo},
  booktitle={Proceedings of the IEEE Conference on Computer Vision and Pattern Recognition},
  pages={4641--4650},
  year={2016}
}
@inproceedings{Cordts2015Cvprw,
title={The Cityscapes Dataset},
author={Cordts, Marius and Omran, Mohamed and Ramos, Sebastian and Scharw{\"a}chter, Timo and Enzweiler, Markus and Benenson, Rodrigo and Franke, Uwe and Roth, Stefan and Schiele, Bernt},
booktitle={CVPR Workshop on The Future of Datasets in Vision},
year={2015}
}
@inproceedings{Cordts2016Cityscapes,
title={The Cityscapes Dataset for Semantic Urban Scene Understanding},
author={Cordts, Marius and Omran, Mohamed and Ramos, Sebastian and Rehfeld, Timo and Enzweiler, Markus and Benenson, Rodrigo and Franke, Uwe and Roth, Stefan and Schiele, Bernt},
booktitle={Proc. of the IEEE Conference on Computer Vision and Pattern Recognition (CVPR)},
year={2016}
}
@inproceedings{kazemzadeh2014referitgame,
  title={ReferItGame: Referring to Objects in Photographs of Natural Scenes.},
  author={Kazemzadeh, Sahar and Ordonez, Vicente and Matten, Mark and Berg, Tamara L}
}
@article{escalante2010segmented,
  title={The segmented and annotated IAPR TC-12 benchmark},
  author={Escalante, Hugo Jair and Hern{\'a}ndez, Carlos A and Gonzalez, Jesus A and L{\'o}pez-L{\'o}pez, Aurelio and Montes, Manuel and Morales, Eduardo F and Sucar, L Enrique and Villase{\~n}or, Luis and Grubinger, Michael},
  journal={Computer Vision and Image Understanding},
  volume={114},
  number={4},
  pages={419--428},
  year={2010},
  publisher={Elsevier}
}
@inproceedings{lin2014microsoft,
  title={Microsoft coco: Common objects in context},
  author={Lin, Tsung-Yi and Maire, Michael and Belongie, Serge and Hays, James and Perona, Pietro and Ramanan, Deva and Doll{\'a}r, Piotr and Zitnick, C Lawrence},
  booktitle={European Conference on Computer Vision},
  pages={740--755},
  year={2014},
  organization={Springer}
}

@inproceedings{kroeger2016fast,
  title={Fast optical flow using dense inverse search},
  author={Kroeger, Till and Timofte, Radu and Dai, Dengxin and Van Gool, Luc},
  booktitle={European Conference on Computer Vision},
  pages={471--488},
  year={2016},
  organization={Springer}
}
@inproceedings{karpathy2014deep,
  title={Deep fragment embeddings for bidirectional image sentence mapping},
  author={Karpathy, Andrej and Joulin, Armand and Li, Fei Fei F},
  booktitle={Advances in neural information processing systems},
  pages={1889--1897},
  year={2014}
}

% This file was created with JabRef 2.7b.
% Encoding: UTF-8

@INPROCEEDINGS{Joulin:cvpr12,
  author = {Armand Joulin and Francis Bach and Jean Ponce},
  title = {Multi-class cosegmentation},
  booktitle = {CVPR},
  year = {2012},
  pages = {542-549},
  bibsource = {DBLP, http://dblp.uni-trier.de},
  crossref = {DBLP:conf/cvpr/2012},
  ee = {http://doi.ieeecomputersociety.org/10.1109/CVPR.2012.6247719}
}

@INPROCEEDINGS{Joulin:cvpr10,
  author = {Armand Joulin and Francis R. Bach and Jean Ponce},
  title = {Discriminative clustering for image co-segmentation},
  booktitle = {CVPR},
  year = {2010},
  pages = {1943-1950},
  bibsource = {DBLP, http://dblp.uni-trier.de},
  crossref = {DBLP:conf/cvpr/2010},
  ee = {http://dx.doi.org/10.1109/CVPR.2010.5539868}
}

@INPROCEEDINGS{Rother:cvpr06,
  author = {Carsten Rother and Thomas P. Minka and Andrew Blake and Vladimir
	Kolmogorov},
  title = {Cosegmentation of Image Pairs by Histogram Matching - Incorporating
	a Global Constraint into MRFs},
  booktitle = {CVPR (1)},
  year = {2006},
  pages = {993-1000},
  bibsource = {DBLP, http://dblp.uni-trier.de},
  crossref = {DBLP:conf/cvpr/2006},
  ee = {http://doi.ieeecomputersociety.org/10.1109/CVPR.2006.91}
}

@INPROCEEDINGS{shotton:eccv06,
  author = {Jamie Shotton and John M. Winn and Carsten Rother and Antonio Criminisi},
  title = {{\it TextonBoost}: Joint Appearance, Shape and Context Modeling for
	Multi-class Object Recognition and Segmentation},
  booktitle = {ECCV (1)},
  year = {2006},
  pages = {1-15},
  bibsource = {DBLP, http://dblp.uni-trier.de},
  crossref = {DBLP:conf/eccv/2006-1},
  ee = {http://dx.doi.org/10.1007/11744023_1}
}

@INPROCEEDINGS{Sun-CVPR-2008,
  author = {Jian Sun and Zongben Xu and Heung-Yeung Shum},
  title = {Image super-resolution using gradient profile prior.},
  booktitle = {CVPR},
  year = {2008},
  publisher = {IEEE Computer Society},
  added-at = {2011-10-23T00:00:00.000+0200},
  biburl = {http://www.bibsonomy.org/bibtex/26a23ec8598b24db184119e56f6a7b948/dblp},
  crossref = {conf/cvpr/2008},
  ee = {http://dx.doi.org/10.1109/CVPR.2008.4587659},
  interhash = {260accf0f22da49ff78f78139fa78e05},
  intrahash = {6a23ec8598b24db184119e56f6a7b948},
  keywords = {dblp},
  timestamp = {2011-10-23T00:00:00.000+0200},
  url = {http://dblp.uni-trier.de/db/conf/cvpr/cvpr2008.html#SunXS08}
}

@INPROCEEDINGS{Sun2008a,
  author = {Jian Sun and Zongben Xu and Heung-Yeung Shum},
  title = {Image super-resolution using gradient profile prior.},
  booktitle = {CVPR},
  year = {2008},
  publisher = {IEEE Computer Society},
  added-at = {2011-10-23T00:00:00.000+0200},
  biburl = {http://www.bibsonomy.org/bibtex/26a23ec8598b24db184119e56f6a7b948/dblp},
  crossref = {conf/cvpr/2008},
  ee = {http://dx.doi.org/10.1109/CVPR.2008.4587659},
  interhash = {260accf0f22da49ff78f78139fa78e05},
  intrahash = {6a23ec8598b24db184119e56f6a7b948},
  keywords = {dblp},
  timestamp = {2011-10-23T00:00:00.000+0200},
  url = {http://dblp.uni-trier.de/db/conf/cvpr/cvpr2008.html#SunXS08}
}

@INPROCEEDINGS{Sun-CVPR-2010,
  author = {Jian Sun and Jiejie Zhu and Marshall F. Tappen},
  title = {Context-constrained hallucination for image super-resolution.},
  booktitle = {CVPR},
  year = {2010},
  pages = {231-238},
  publisher = {IEEE},
  added-at = {2011-10-23T00:00:00.000+0200},
  biburl = {http://www.bibsonomy.org/bibtex/2e8ecc9a204a61dc6df92a7e7f60be305/dblp},
  crossref = {conf/cvpr/2010},
  ee = {http://dx.doi.org/10.1109/CVPR.2010.5540206},
  interhash = {5792f927d9484eaa6966d800cd95af01},
  intrahash = {e8ecc9a204a61dc6df92a7e7f60be305},
  keywords = {dblp},
  timestamp = {2011-10-23T00:00:00.000+0200},
  url = {http://dblp.uni-trier.de/db/conf/cvpr/cvpr2010.html#SunZT10}
}

@INPROCEEDINGS{Sun-CVPR-2010,
  author = {Jian Sun and Jiejie Zhu and Marshall F. Tappen},
  title = {Context-constrained hallucination for image super-resolution.},
  booktitle = {CVPR},
  year = {2010},
  pages = {231-238},
  publisher = {IEEE},
  added-at = {2011-10-23T00:00:00.000+0200},
  biburl = {http://www.bibsonomy.org/bibtex/2e8ecc9a204a61dc6df92a7e7f60be305/dblp},
  crossref = {conf/cvpr/2010},
  ee = {http://dx.doi.org/10.1109/CVPR.2010.5540206},
  interhash = {5792f927d9484eaa6966d800cd95af01},
  intrahash = {e8ecc9a204a61dc6df92a7e7f60be305},
  keywords = {dblp},
  timestamp = {2011-10-23T00:00:00.000+0200},
  url = {http://dblp.uni-trier.de/db/conf/cvpr/cvpr2010.html#SunZT10}
}

@INPROCEEDINGS{Vicente:eccv10,
  author = {Sara Vicente and Vladimir Kolmogorov and Carsten Rother},
  title = {Cosegmentation Revisited: Models and Optimization},
  booktitle = {ECCV (2)},
  year = {2010},
  pages = {465-479},
  bibsource = {DBLP, http://dblp.uni-trier.de},
  crossref = {DBLP:conf/eccv/2010-2},
  ee = {http://dx.doi.org/10.1007/978-3-642-15552-9_34}
}

@INPROCEEDINGS{Vicente:cvpr06,
  author = {Sara Vicente and Carsten Rother and Vladimir Kolmogorov},
  title = {Object cosegmentation},
  booktitle = {CVPR},
  year = {2011},
  pages = {2217-2224},
  bibsource = {DBLP, http://dblp.uni-trier.de},
  crossref = {DBLP:conf/cvpr/2011},
  ee = {http://dx.doi.org/10.1109/CVPR.2011.5995530}
}

@ARTICLE{Aharon-TSP-2006,
  author = {Michal Aharon and Michael Elad and Alfred Bruckstein},
  title = {{K-SVD:} An Algorithm for Designing Overcomplete Dictionaries for
	Sparse Representation},
  journal = {IEEE Transactions on Signal Processing},
  year = {2006},
  volume = {54},
  number = {11},
  month = {November}
}

@ARTICLE{Aharon2006,
  author = {Michal Aharon and Michael Elad and Alfred Bruckstein},
  title = {{K-SVD:} An Algorithm for Designing Overcomplete Dictionaries for
	Sparse Representation},
  journal = {IEEE Transactions on Signal Processing},
  year = {2006},
  volume = {54},
  number = {11},
  month = {November}
}

@INPROCEEDINGS{object:selection,
  author = {Ahmed, E. and Cohen, S. and Price, B.},
  title = {Semantic Object Selection},
  booktitle = {CVPR},
  year = {2014}
}

@ARTICLE{Ahuja07,
  author = {N. Ahuja and S. Todorovic},
  title = {Learning the Taxonomy and Models of Categories Present in Arbitrary
	Images},
  journal = iccv,
  year = {2007},
  volume = {0},
  pages = {1-8},
  address = {Los Alamitos, CA, USA},
  doi = {http://doi.ieeecomputersociety.org/10.1109/ICCV.2007.4409039},
  isbn = {978-1-4244-1630-1},
  publisher = {IEEE Computer Society}
}

@ARTICLE{autoRectify_12,
  author = {Dror Aiger and Daniel Cohen-Or and Niloy J. Mitra},
  title = {Repetition Maximization based Texture Rectification},
  journal = {Computer Graphics Forum},
  year = {2012},
  volume = {31},
  pages = {439--448}
}

@INPROCEEDINGS{MoorePWMJ08,
  author = {Alastair P Moore, Simon J D Prince, Jonathan Warrell, Umar Mohammed
	and Graham Jones},
  title = {Superpixel {L}attices},
  year = {2008},
  journal = {CVPR},
  url = {http://www.cs.ucl.ac.uk/staff/s.prince/Papers/SuperpixelLattices.pdf}
}

@ARTICLE{objectness,
  author = {Alexe, B. and Deselaers, T. and Ferrari, V.},
  title = {Measuring the Objectness of Image Windows},
  journal = {PAMI},
  year = {2012},
  volume = {34},
  pages = {2189-2202},
  number = {11}
}

@INPROCEEDINGS{Alexe10,
  author = {B. Alexe and T. Deselaers and V. Ferrari},
  title = {ClassCut for Unsupervised Class Segmentation},
  booktitle = eccv,
  year = {2010},
  month = {September}
}

@ARTICLE{Mitra:eu:13,
  author = {Sawsan AlHalawani and Yong-Liang Yang and Han Liu and Niloy J. Mitra},
  title = {Interactive Facades: Analysis and Synthesis of Semi-Regular Facades},
  journal = {Eurographics},
  year = {2013}
}

@ARTICLE{Aliaga:2008:Style,
  author = {Aliaga, Daniel G. and Rosen, P.A. and Bekins, D.R.},
  title = {Style Grammars for Interactive Visualization of Architecture},
  journal = {TVCG},
  year = {2007},
  volume = {13},
  number = {4}
}

@ARTICLE{Aliaga:2008,
  author = {Aliaga, Daniel G. and Vanegas, Carlos A. and Bene\v{s}, Bed\v{r}ich},
  title = {Interactive example-based urban layout synthesis},
  journal = {ACM Trans. Graph.},
  year = {2008},
  volume = {27},
  number = {5}
}

@ARTICLE{Alpher02,
  author = {A. Alpher},
  title = {Frobnication},
  journal = {Journal of Foo},
  year = {2002},
  volume = {12},
  pages = {234--778},
  number = {1}
}

@ARTICLE{Alpher03,
  author = {A. Alpher and and J.~P.~N. Fotheringham-Smythe},
  title = {Frobnication revisited},
  journal = {Journal of Foo},
  year = {2003},
  volume = {13},
  pages = {234--778},
  number = {1}
}

@ARTICLE{Alpher04,
  author = {A. Alpher and and J.~P.~N. Fotheringham-Smythe and G. Gamow},
  title = {Can a machine frobnicate?},
  journal = {Journal of Foo},
  year = {2004},
  volume = {14},
  pages = {234--778},
  number = {1}
}

@INPROCEEDINGS{MCG,
  author = {Arbelaez, Pablo and Pont-Tuset, Jordi and Barron, Jonathan and Marques,
	Ferran and Malik, Jagannath},
  title = {Multiscale combinatorial grouping},
  booktitle = {CVPR},
  year = {2014}
}

@INPROCEEDINGS{Ashikhmin:2001,
  author = {Ashikhmin, Michael},
  title = {Synthesizing natural textures},
  booktitle = {I3D},
  year = {2001}
}

@INPROCEEDINGS{Ashikhmin:2001,
  author = {Ashikhmin, Michael},
  title = {Synthesizing natural textures},
  booktitle = {Proceedings of the 2001 symposium on Interactive 3D graphics},
  year = {2001},
  series = {I3D '01},
  pages = {217--226},
  address = {New York, NY, USA},
  publisher = {ACM},
  acmid = {364405},
  doi = {10.1145/364338.364405},
  isbn = {1-58113-292-1},
  keywords = {texture synthesys, user interaction},
  numpages = {10},
  url = {http://doi.acm.org/10.1145/364338.364405}
}

@MISC{Authors12,
  author = {Authors},
  title = {The frobnicatable foo filter},
  year = {2012},
  note = {BMVC12 submission ID 324. Supplied as additional material {\tt bmvc12.pdf}}
}

@MISC{Authors12b,
  author = {Authors},
  title = {Frobnication tutorial},
  year = {2012},
  note = {Supplied as additional material {\tt tr.pdf}}
}

@INPROCEEDINGS{seam_carving,
  author = {Avidan, Shai and Shamir, Ariel},
  title = {Seam carving for content-aware image resizing},
  booktitle = {SIGGRAPH},
  year = {2007}
}

@INPROCEEDINGS{pairwise:metric:IJCAI09,
  author = {Baghshah, Mahdieh Soleymani and Shouraki, Saeed Bagheri},
  title = {Semi-supervised Metric Learning Using Pairwise Constraints},
  booktitle = {IJCAI},
  year = {2009}
}

@ARTICLE{flow:dataset,
  author = {Baker, Simon and Scharstein, Daniel and Lewis, J.P. and Roth, Stefan
	and Black, MichaelJ. and Szeliski, Richard},
  title = {A Database and Evaluation Methodology for Optical Flow},
  journal = {IJCV},
  year = {2011},
  volume = {92},
  pages = {1-31},
  number = {1}
}

@INPROCEEDINGS{VISU09_0020,
  author = {Bangpeng Yao, Juan~Carlos Niebles and Li Fei-Fei},
  title = {Mining Discriminative Adjectives and Prepositions for Natural Scene
	Recognition},
  booktitle = {International Workshop on Visual Scene Understanding (ViSU)},
  year = {2009},
  address = {Miami, USA},
  month = {June}
}

@ARTICLE{Bao:2013,
  author = {Bao, Fan and Schwarz, Michael and Wonka, Peter},
  title = {Procedural facade variations from a single layout},
  journal = {ACM Trans. Graph.},
  year = {2013},
  volume = {32},
  number = {1}
}

@ARTICLE{Barbu_SWC,
  author = {Adrian Barbu and Song Chun Zhu},
  title = {Generalizing Swendsen-Wang to Sampling Arbitrary Posterior Probabilities},
  journal = {PAMI},
  year = {2005},
  volume = {27},
  pages = {1239-1253},
  number = {8}
}

@ARTICLE{Barbu:Swendsen-wang:2005,
  author = {Adrian Barbu and Song-Chun Zhu},
  title = {Generalizing Swendsen-Wang to Sampling Arbitrary Posterior Probabilities},
  journal = {PAMI},
  year = {2005},
  volume = {27},
  pages = {1239--1253}
}

@INPROCEEDINGS{Barinova_geometricimage,
  author = {O. Barinova and V. Lempitsky and E. Tretiak and P. Kohli},
  title = {Geometric Image Parsing in Man-Made Environments},
  booktitle = {ECCV},
  year = {2010}
}

@ARTICLE{whatpoint,
  author = {Bearman, Amy and Russakovsky, Olga and Ferrari, Vittorio and Fei-Fei,
	Li},
  title = {{What's the point: Semantic segmentation with point supervision}},
  journal = {arXiv:1506.02106},
  year = {2015}
}

@ARTICLE{eigenface:pami97,
  author = {Belhumeur, Peter N. and Hespanha, Jo\~{a}o P. and Kriegman, David
	J.},
  title = {Eigenfaces vs. Fisherfaces: Recognition Using Class Specific Linear
	Projection},
  journal = {TPAMI},
  year = {1997},
  volume = {19},
  pages = {711--720},
  number = {7}
}

@INPROCEEDINGS{eigenmaps:nips01,
  author = {Belkin, Mikhail and Niyogi, Partha},
  title = {Laplacian eigenmaps and spectral techniques for embedding and clustering.},
  booktitle = {NIPS},
  year = {2001}
}

@INPROCEEDINGS{open:surface,
  author = {Sean Bell and Paul Upchurch and Noah Snavely and Kavita Bala},
  title = {OpenSurfaces: A Richly Annotated Catalog of Surface Appearance},
  booktitle = {SIGGRAPH},
  year = {2013}
}

@ARTICLE{ml:survey:13,
  author = {Bellet, Aur{\'e}lien and Habrard, Amaury and Sebban, Marc},
  title = {A survey on metric learning for feature vectors and structured data},
  journal = {arXiv preprint arXiv:1306.6709},
  year = {2013}
}

@ARTICLE{rep:learn:pami13,
  author = {Bengio, Y. and Courville, A. and Vincent, P.},
  title = {Representation Learning: A Review and New Perspectives},
  journal = {Pattern Analysis and Machine Intelligence, IEEE Transactions on},
  year = {2013},
  volume = {35},
  pages = {1798-1828},
  number = {8},
  month = {Aug}
}

@INPROCEEDINGS{Bengio09,
  author = {Bengio, Y. and Louradour, J. and Collobert, R. and Weston, J.},
  title = {Curriculum learning},
  booktitle = icml,
  year = {2009}
}

@INPROCEEDINGS{Curriculum_learning,
  author = {Bengio, Yoshua and Louradour, J\'{e}r\^{o}me and Collobert, Ronan
	and Weston, Jason and Bengio, Y. and Louradour, J. and Collobert,
	R. and Weston, J.},
  title = {Curriculum learning},
  booktitle = {ICML},
  year = {2009}
}

@INPROCEEDINGS{nips03:out-of-sample,
  author = {Yoshua Bengio and Jean-Francois Paiement and Pascal Vincent},
  title = {Out-of-Sample Extensions for LLE, Isomap, MDS, Eigenmaps, and Spectral
	Clustering},
  booktitle = {NIPS},
  year = {2003}
}

@INPROCEEDINGS{Berg:parsing:ICCV07,
  author = {Alexander C. Berg and Floraine Grabler and Jitendra Malik},
  title = {Parsing Images of Architectural Scenes.},
  booktitle = {ICCV},
  year = {2007}
}

@BOOK{Bishop06,
  title = {Pattern Recognition and Machine Learning (Information Science and
	Statistics)},
  publisher = {Springer-Verlag New York, Inc.},
  year = {2006},
  author = {Bishop, Christopher M.},
  address = {Secaucus, NJ, USA},
  isbn = {0387310738}
}

@BOOK{Bishop:book:2006,
  title = {Pattern Recognition and Machine Learning},
  publisher = {Springer},
  year = {2006},
  author = {Bishop, Christopher M},
  volume = {4},
  number = {4},
  pages = {738}
}

@INPROCEEDINGS{blaschko10nips,
  author = {Blaschko, Matthew B. and Vedaldi, Andrea and Zisserman, Andrew},
  title = {Simultaneous Object Detection and Ranking with Weak Supervision},
  booktitle = nips,
  year = {2010}
}

@ARTICLE{Boiman:07,
  author = {Boiman, Oren and Irani, Michal},
  title = {Detecting Irregularities in Images and in Video},
  journal = {IJCV},
  year = {2007},
  volume = {74},
  pages = {17-31},
  number = {1}
}

@INPROCEEDINGS{Boiman_CVPR_2008,
  author = {Boiman, Oren and Shechtman, Eli and Irani, Michal},
  title = {In Defense of Nearest-Neighbor Based Image Classification.},
  booktitle = {CVPR},
  year = {2008}
}

@ARTICLE{Bokeloh:2012,
  author = {Bokeloh, Martin and Wand, Michael and Seidel, Hans-Peter and Koltun,
	Vladlen},
  title = {An algebraic model for parameterized shape editing},
  journal = {ACM Trans. Graph.},
  year = {2012},
  volume = {31},
  number = {4}
}

@ARTICLE{Bosch_Hybrid,
  author = {Bosch, Anna and Zisserman, Andrew and Mu\~noz, Xavier},
  title = {Scene Classification Using a Hybrid Generative/Discriminative Approach},
  journal = {PAMI},
  year = {2008},
  volume = {30},
  pages = {712--727},
  number = {4}
}

@INPROCEEDINGS{Bosch:iccv07,
  author = {Anna Bosch and Andrew Zisserman and Xavier MuÃ±oz},
  title = {Image classification using random forests and ferns},
  booktitle = {ICCV},
  year = {2007}
}

@INPROCEEDINGS{phog,
  author = {Anna Bosch and Andrew Zisserman and Xavier MuÃ±oz},
  title = {Image classification using random forests and ferns},
  booktitle = {ICCV},
  year = {2007}
}

@INPROCEEDINGS{middle:feature:cvpr10,
  author = {Boureau, Y.-L. and Bach, F. and LeCun, Y. and Ponce, J.},
  title = {Learning mid-level features for recognition},
  booktitle = {CVPR},
  year = {2010}
}

@INPROCEEDINGS{group:anno,
  author = {Aleksey Boyko and Thomas Funkhouser},
  title = {Cheaper by the Dozen: Group Annotation of {3D} Data},
  booktitle = {UIST},
  year = {2014},
  month = oct
}

@ARTICLE{graphcut,
  author = {Boykov, Y. and Veksler, O. and Zabih, R.},
  title = {Fast approximate energy minimization via graph cuts},
  journal = {PAMI},
  year = {2001},
  volume = {23},
  pages = {1222-1239},
  number = {11}
}

@INCOLLECTION{human:in:loop,
  author = {Branson, Steve and Wah, Catherine and Schroff, Florian and Babenko,
	Boris and Welinder, Peter and Perona, Pietro and Belongie, Serge},
  title = {Visual Recognition with Humans in the Loop},
  booktitle = {ECCV},
  year = {2010}
}

@ARTICLE{Breiman:RF:2001,
  author = {Breiman, Leo},
  title = {Random Forests},
  journal = {Machine Learning},
  year = {2001},
  volume = {45},
  pages = {5--32},
  number = {1},
  publisher = {Springer}
}

@ARTICLE{randomforest,
  author = {Breiman, Leo},
  title = {Random forest},
  journal = {MACH LEARN},
  year = {2001},
  volume = {45},
  pages = {5-32},
  number = {1}
}

@ARTICLE{bagging_1996,
  author = {Breiman, Leo},
  title = {Bagging predictors},
  journal = {ML},
  year = {1996}
}

@ARTICLE{Breunig:2000,
  author = {Breunig, Markus M. and Kriegel, Hans-Peter and Ng, Raymond T. and
	Sander, J\"{o}rg},
  title = {LOF: identifying density-based local outliers},
  journal = {SIGMOD Rec.},
  year = {2000},
  volume = {29},
  pages = {93--104},
  number = {2},
  month = may,
  acmid = {335388},
  address = {New York, NY, USA},
  doi = {10.1145/335191.335388},
  issn = {0163-5808},
  issue_date = {June 2000},
  keywords = {database mining, outlier detection},
  numpages = {12},
  publisher = {ACM},
  url = {http://doi.acm.org/10.1145/335191.335388}
}

@ARTICLE{camvid:data,
  author = {Gabriel J. Brostow and Julien Fauqueur and Roberto Cipolla},
  title = {Semantic Object Classes in Video: A High-Definition Ground Truth
	Database},
  journal = {Pattern Recognition Letters},
  year = {2009},
  volume = {30},
  pages = {88--97},
  number = {2}
}

@INPROCEEDINGS{camvid,
  author = {Gabriel J. Brostow and Jamie Shotton and Julien Fauqueur and Roberto
	Cipolla},
  title = {Segmentation and Recognition Using Structure from Motion Point Clouds},
  booktitle = {ECCV},
  year = {2008},
  pages = {44-57}
}

@INPROCEEDINGS{ModelCompression,
  author = {Bucilu\u{a}, Cristian and Caruana, Rich and Niculescu-Mizil, Alexandru},
  title = {Model Compression},
  booktitle = {ACM SIGKDD},
  year = {2006}
}

@ARTICLE{Buhmann:1998:DCQ,
  author = {J. M. Buhmann and D. W. Fellner and M. Held and J.Ketterer and J.
	Puzicha},
  title = {Dithered Color Quantization},
  journal = cgforum,
  year = {1998},
  volume = {17},
  pages = {C219-C231},
  number = {3},
  month = Sep,
  note = {(Proc. Eurographics'98) \httpAddr{//diglib.eg.org/EG/CGF/volume17/issue3/ColQuant98}},
  doi = {10.1111/1467-8659.00269},
  editor = {N. Ferreira and M. G{\"{o}}bel}
}

@ARTICLE{Buhmann:1998:DCQ,
  author = {J. M. Buhmann and D. W. Fellner and M. Held and J.Ketterer and J.
	Puzicha},
  title = {Dithered Color Quantization},
  journal = cgforum,
  year = {1998},
  volume = {17},
  pages = {C219-C231},
  number = {3},
  month = Sep,
  note = {(Proc. Eurographics'98) \httpAddr{//diglib.eg.org/EG/CGF/volume17/issue3/ColQuant98}},
  doi = {10.1111/1467-8659.00269},
  editor = {N. Ferreira and M. G{\"{o}}bel}
}

@ARTICLE{canny:edge,
  author = {Canny, John},
  title = {A Computational Approach to Edge Detection},
  journal = {PAMI},
  year = {1986},
  volume = {8},
  pages = {679-698},
  number = {6}
}

@INPROCEEDINGS{Ceylan:Eurographics:2012,
  author = {D. Ceylan and N. J. Mitra and H. Li and T. Weise and M. Pauly},
  title = {Factored Facade Acquisition using Symmetric Line Arrangements},
  booktitle = {Eurographics},
  year = {2012}
}

@ARTICLE{RNN2DNN,
  author = {Chan, William and Rosemary Ke, Nan and Lane Ian},
  title = { Transferring Knowledge from a RNN to a DNN},
  journal = {arXiv:1504.01483},
  year = {2015}
}

@ARTICLE{Chang-CVPR-2004,
  author = {Hong Chang and Dit-Yan Yeung and Yimin Xiong},
  title = {Super-Resolution through Neighbor Embedding},
  journal = {CVPR},
  year = {2004},
  volume = {01},
  pages = {275-282},
  issn = {1063-6919}
}

@ARTICLE{Chang-CVPR-2004,
  author = {Hong Chang and Dit-Yan Yeung and Yimin Xiong},
  title = {Super-Resolution through Neighbor Embedding},
  journal = {CVPR},
  year = {2004},
  volume = {01},
  pages = {275-282},
  issn = {1063-6919}
}

@INPROCEEDINGS{Yanshuichen09,
  author = {Changhu Wang, Shuicheng Yan, Lei Zhang, Hong-Jiang Zhang},
  title = {Multi-Label Sparse Coding for Automatic Image Annotation.},
  booktitle = cvpr,
  year = {2009}
}

@INPROCEEDINGS{deep:bmvc14,
  author = {Chatfield, K. and Simonyan, K. and Vedaldi, A. and Zisserman, A.},
  title = {Return of the Devil in the Details: Delving Deep into Convolutional
	Nets},
  booktitle = {BMVC},
  year = {2014}
}

@INPROCEEDINGS{beat:AMT,
  author = {Liang-Chieh Chen and Fidler, S. and Yuille, A.L. and Urtasun, R.},
  title = {Beat the MTurkers: Automatic Image Labeling from Weak 3D Supervision},
  booktitle = {CVPR},
  year = {2014}
}

@INPROCEEDINGS{rcnn_crf,
  author = {Chen, Liang-Chieh and Papandreou, George and Kokkinos, Iasonas and
	Murphy, Kevin and Yuille, Alan L.},
  title = {Semantic Image Segmentation with Deep Convolutional Nets and Fully
	Connected CRFs},
  year = {2015},
  booktitle = {ICLR}
}

@ARTICLE{HashingCNN,
  author = {Chen, Wenlin and Wilson, James T. and Tyree,Stephen and Weinberger,
	Kilian Q. and Chen, Yixin},
  title = { Compressing Neural Networks with the Hashing Trick},
  journal = {arXiv:1504.04788},
  year = {2015}
}

@ARTICLE{Chen_2010,
  author = {Chen, Wen-Yen and Song, Yangqiu and Bai, Hongjie and Lin, Chih-Jen
	and Chang, Edward Y},
  title = {Parallel Spectral Clustering in Distributed Systems.},
  journal = {PAMI},
  year = {2010}
}

@INPROCEEDINGS{SIS09,
  author = {Cheng, H. and Liu, Z. and Yang, J.},
  title = {Kernel Codebooks for Scene Categorization},
  booktitle = iccv,
  year = {2009}
}

@ARTICLE{image:spirit,
  author = {Cheng, Ming-Ming and Zheng, Shuai and Lin, Wen-Yan and Vineet, Vibhav
	and Sturgess, Paul and Crook, Nigel and Mitra, Niloy J. and Torr,
	Philip},
  title = {ImageSpirit: Verbal Guided Image Parsing},
  journal = {ACM Trans. Graph.},
  year = {2014},
  volume = {34},
  pages = {3:1--3:11},
  number = {1}
}

@INPROCEEDINGS{Cho:cvpr:10,
  author = {Taeg Sang Cho and Shai Avidan and William T. Freeman},
  title = {A probabilistic image jigsaw puzzle solver},
  booktitle = {CVPR},
  year = {2010}
}

@INPROCEEDINGS{CHO_CVPR2008,
  author = {Taeg Sang Cho and Moshe Butman and Shai Avidan and William T. Freeman},
  title = {The patch transform and its applications to image editing},
  booktitle = {CVPR},
  year = {2008}
}

@INPROCEEDINGS{texture:wild,
  author = {Cimpoi, Mircea and Maji, Subhransu and Kokkinos, Iasonas and Vedaldi,
	Andrea},
  title = {Describing Textures in the Wild},
  booktitle = {CVPR},
  year = {2014}
}

@ARTICLE{pr:ClausiJ00,
  author = {David A. Clausi and M. Ed Jernigan},
  title = {Designing Gabor filters for optimal texture separability},
  journal = {Pattern Recognition},
  year = {2000},
  volume = {33},
  pages = {1835-1849},
  number = {11},
  bibsource = {DBLP, http://dblp.uni-trier.de},
  ee = {http://dx.doi.org/10.1016/S0031-3203(99)00181-8}
}

@INPROCEEDINGS{Cohen:2003:wang,
  author = {Cohen, Michael F. and Shade, Jonathan and Hiller, Stefan and Deussen,
	Oliver},
  title = {Wang Tiles for image and texture generation},
  booktitle = {SIGGRAPH},
  year = {2003}
}

@INCOLLECTION{ALdataset,
  author = {Collins, Brendan and Deng, Jia and Li, Kai and Fei-Fei, Li},
  title = {Towards Scalable Dataset Construction: An Active Learning Approach},
  booktitle = {ECCV},
  year = {2008}
}

@ARTICLE{Coughlan:NIPS:2001,
  author = {Coughlan, J M and Yuille, A L},
  title = {The Manhattan World Assumption : Regularities in scene statistics
	which enable Bayesian inference},
  year = {2001},
  booktitle = {NIPS}
}

@INCOLLECTION{MDScaling:08,
  author = {Cox, Michael A. A. and Cox, Trevor F.},
  title = {Multidimensional Scaling},
  booktitle = {Handbook of Data Visualization},
  year = {2008},
  pages = {315-347}
}

@ARTICLE{Criminisi04,
  author = {Criminisi, Antonio and Perez, P. and Toyama, K.},
  title = {Region filling and object removal by exemplar-based image inpainting},
  journal = {IEEE Trans. on Image Processing},
  year = {2004},
  volume = {13},
  number = {9}
}

@INPROCEEDINGS{dai:metric:imitation,
  author = { Dengxin Dai and Till Kroeger and Radu Timofte and Luc {Van Gool}},
  title = {Metric imitation by manifold transfer for efficient vision applications},
  booktitle = {CVPR},
  year = {2015}
}

@INPROCEEDINGS{dai:eccv12,
  author = {D. Dai and M. Prasad and C. Leistner and L. Van Gool},
  title = {Ensemble Partitioning for Unsupervised Image Categorization},
  booktitle = {ECCV},
  year = {2012}
}

@INPROCEEDINGS{dai:ensemble:eccv12,
  author = {D. Dai and M. Prasad and C. Leistner and L. Van Gool},
  title = {Ensemble Partitioning for Unsupervised Image Categorization},
  booktitle = {ECCV},
  year = {2012}
}

@INPROCEEDINGS{dai:ensemble:eccv12b,
  author = {D. Dai and M. Prasad and C. Leistner and L. Van Gool},
  title = {Ensemble Partitioning for Unsupervised Image Categorization},
  booktitle = {ECCV},
  year = {2012}
}

@INPROCEEDINGS{dai:eccv12a,
  author = {D. Dai and M. Prasad and G. Schmitt and L. {Van Gool}},
  title = {Learning Domain Knowledge for Facade Labeling},
  booktitle = {ECCV},
  year = {2012}
}

@INPROCEEDINGS{JOR:EG15,
  author = {Dengxin Dai and Radu Timofte, and Luc {Van Gool}},
  title = {Jointly Optimized Regressors for Image Super-resolution},
  booktitle = {Eurographics},
  year = {2015}
}

@INPROCEEDINGS{dai:facade:iccv13,
  author = {D. Dai and H. Riemenschneider and G. Schmitt and L. {Van Gool}},
  title = {Example-based Facade Texture Synthesis},
  booktitle = {ICCV},
  year = {2013}
}

@INPROCEEDINGS{dai:synthesizability,
  author = {D. Dai and H. Riemenschneider and L. {Van Gool}},
  title = {The Synthesizability of Texture Examples},
  booktitle = {CVPR},
  year = {2014}
}

@INPROCEEDINGS{dai:cvpr10,
  author = {Dengxin Dai and Tianfu Wu and Song Chun Zhu},
  title = {Discovering scene categories by information projection and cluster
	sampling.},
  booktitle = {CVPR},
  year = {2010}
}

@INPROCEEDINGS{Three-layer,
  author = {Dengxin Dai and Wen Yang and Tianfu Wu},
  title = {Three-layer Spatial Sparse Coding for Image Classification},
  booktitle = {ICPR},
  year = {2010}
}

@INPROCEEDINGS{BoxSup,
  author = {Dai, Jifeng and He, Kaiming, and Sun, Jian},
  title = {BoxSup: Exploiting Bounding Boxes to Supervise Convolutional Networks
	for Semantic Segmentation},
  booktitle = {ICCV},
  year = {2015}
}

@INPROCEEDINGS{Dai-CVPR-2007,
  author = {Shengyang Dai and Mei Han and Wei Xu and Ying Wu and Yihong Gong},
  title = {Soft Edge Smoothness Prior for Alpha Channel Super Resolution},
  booktitle = {Computer Vision and Pattern Recognition, 2007. CVPR '07. IEEE Conference
	on},
  year = {2007},
  pages = {1-8},
  month = {June},
  doi = {10.1109/CVPR.2007.383028},
  issn = {1063-6919},
  keywords = {edge detection;geometry;image colour analysis;image resolution;image
	segmentation;smoothing methods;Geocuts method;alpha channel super
	resolution;alpha matting technique;color image super resolution;edge
	segments normalization;image grid;intensity transitions;intuitive
	geometric explanation;soft cut metric;soft edge smoothness;Color;Image
	resolution;Image segmentation;Inverse problems;Laboratories;Length
	measurement;National electric code;Object recognition;Strontium;Video
	compression}
}

@INPROCEEDINGS{Dai-CVPR-2007,
  author = {Shengyang Dai and Mei Han and Wei Xu and Ying Wu and Yihong Gong},
  title = {Soft Edge Smoothness Prior for Alpha Channel Super Resolution},
  booktitle = {Computer Vision and Pattern Recognition, 2007. CVPR '07. IEEE Conference
	on},
  year = {2007},
  pages = {1-8},
  month = {June},
  doi = {10.1109/CVPR.2007.383028},
  issn = {1063-6919},
  keywords = {edge detection;geometry;image colour analysis;image resolution;image
	segmentation;smoothing methods;Geocuts method;alpha channel super
	resolution;alpha matting technique;color image super resolution;edge
	segments normalization;image grid;intensity transitions;intuitive
	geometric explanation;soft cut metric;soft edge smoothness;Color;Image
	resolution;Image segmentation;Inverse problems;Laboratories;Length
	measurement;National electric code;Object recognition;Strontium;Video
	compression}
}

@INPROCEEDINGS{Dalal:HOG:cvpr05,
  author = {N. Dalal and B. Triggs},
  title = {Histograms of oriented gradients for human detection},
  booktitle = {CVPR},
  year = {2005}
}

@ARTICLE{Dalal_HoG,
  author = {Navneet Dalal and Bill Triggs},
  title = {Histograms of Oriented Gradients for Human Detection},
  journal = cvpr,
  year = {2005},
  volume = {1},
  pages = {886-893},
  issn = {1063-6919}
}

@INPROCEEDINGS{Hog,
  author = {Dalal, Navneet and Triggs, William},
  title = {Histograms of Oriented Gradients for Human Detection},
  booktitle = cvpr,
  year = {2004},
  volume = {1},
  number = {3},
  pages = {886--893},
  publisher = {Ieee},
  url = {http://eprints.pascal-network.org/archive/00000802/}
}

@ARTICLE{columbia:texture,
  author = {K.J. Dana and B. Van-Ginneken and S.K. Nayar and J.J. Koenderink},
  title = {{R}eflectance and {T}exture of {R}eal {W}orld {S}urfaces},
  journal = {ACM TOG},
  year = {1999},
  volume = {18},
  pages = {1--34},
  number = {1}
}

@ARTICLE{CUReT-61,
  author = {Dana, Kristin J. and van Ginneken, Bram and Nayar, Shree K. and Koenderink,
	Jan J.},
  title = {Reflectance and Texture of Real-world Surfaces},
  journal = {ACM Trans. Graph.},
  year = {1999},
  volume = {18},
  pages = {1--34},
  number = {1}
}

@INCOLLECTION{aesthetic:eccv06,
  author = {Datta, Ritendra and Joshi, Dhiraj and Li, Jia and Wang, JamesZ.},
  title = {Studying Aesthetics in Photographic Images Using a Computational
	Approach},
  booktitle = {ECCV},
  year = {2006}
}

@INPROCEEDINGS{ml:information:07,
  author = {Jason V. Davis and Brian Kulis and Prateek Jain and Suvrit Sra and
	Inderjit S. Dhillon},
  title = {Information-theoretic metric learning},
  booktitle = {ICML},
  year = {2007}
}

@INPROCEEDINGS{DeBonet:97,
  author = {De Bonet, Jeremy S.},
  title = {Multiresolution Sampling Procedure for Analysis and Synthesis of
	Texture Images},
  booktitle = {SIGGRAPH},
  year = {1997}
}

@INPROCEEDINGS{multi:sampling:97,
  author = {De Bonet, Jeremy S.},
  title = {Multiresolution sampling procedure for analysis and synthesis of
	texture images},
  booktitle = {SIGGRAPH},
  year = {1997}
}

@INPROCEEDINGS{imagenet,
  author = {Jia Deng and Wei Dong and Socher, R. and Li-Jia Li and Kai Li and
	Li Fei-Fei},
  title = {ImageNet: A large-scale hierarchical image database},
  booktitle = {CVPR},
  year = {2009}
}

@INPROCEEDINGS{scalable:annotation,
  author = {Deng, Jia and Russakovsky, Olga and Krause, Jonathan and Bernstein,
	Michael S. and Berg, Alex and Fei-Fei, Li},
  title = {Scalable Multi-label Annotation},
  year = {2014}
}

@INCOLLECTION{cnn_linearstructure,
  author = {Denton, Emily L and Zaremba, Wojciech and Bruna, Joan and LeCun,
	Yann and Fergus, Rob},
  title = {Exploiting Linear Structure Within Convolutional Networks for Efficient
	Evaluation},
  booktitle = {NIPS},
  year = {2014}
}

@INPROCEEDINGS{deselaers10eccv,
  author = {Deselaers, T. and Alexe, B. and Ferrari, V.},
  title = {Localizing Objects while Learning Their Appearance},
  booktitle = eccv,
  year = {2010}
}

@INPROCEEDINGS{Roles2010,
  author = {Devi Parikh, and C. Lawrence Zitnick},
  title = {The Role of Features, Algorithms and Data in Visual Recognition},
  booktitle = cvpr,
  year = {2010}
}

@ARTICLE{Dick:Modeling:IJCV04,
  author = {A.R. Dick and P.H.S. Torr and R. Cipolla},
  title = {Modelling and Interpretation of Architecture from Several Images},
  journal = {IJCV},
  year = {2004},
  volume = {60},
  pages = {111-134},
  owner = {daid},
  timestamp = {2012.02.22}
}

@INPROCEEDINGS{dietterich_00,
  author = {Thomas G. Dietterich},
  title = {Ensemble Methods in Machine Learning},
  booktitle = {international workshop on multiple classifier systems},
  year = {2000}
}

@INPROCEEDINGS{ml:pedestrain:11,
  author = {Dikmen, Mert and Akbas, Emre and Huang, Thomas S. and Ahuja, Narendra},
  title = {Pedestrian Recognition with a Learned Metric},
  booktitle = {ACCV},
  year = {2011}
}

@INCOLLECTION{can-help,
  author = {Santosh Kumar Divvala and Alexei A. Efros and Martial Hebert},
  title = {Can Similar Scenes help Surface Layout Estimation?},
  booktitle = {CVPR Workshop on Internet Vision},
  year = {2008},
  month = {June}
}

@ARTICLE{FFPyramid,
  author = {Piotr Doll\'ar and Ron Appel and Serge Belongie and Pietro Perona},
  title = {Fast Feature Pyramids for Object Detection},
  journal = {PAMI},
  year = {2014}
}

@INPROCEEDINGS{edge:srf,
  author = {Piotr Doll{\'a}r and C. Lawrence Zitnick},
  title = {Structured Forests for Fast Edge Detection},
  booktitle = {ICCV},
  year = {2013}
}

@INPROCEEDINGS{Decaf:icml2014,
  author = {Donahue, Jeff and Jia, Yangqing and Vinyals, Oriol and Hoffman, Judy
	and Zhang, Ning and Tzeng, Eric and Darrell, Trevor},
  title = {DeCAF: A Deep Convolutional Activation Feature for Generic Visual
	Recognition},
  booktitle = {ICML},
  year = {2014}
}

@INPROCEEDINGS{Dong-ECCV-2014,
  author = {Dong, C. and Loy, C. C. and He, K. and Tang, X.},
  title = {Learning a Deep Convolutional Network for Image Super-Resolution},
  booktitle = {ECCV},
  year = {2014}
}

@INPROCEEDINGS{Dong2014,
  author = {Dong, C. and Loy, C. C. and He, K. and Tang, X.},
  title = {Learning a Deep Convolutional Network for Image Super-Resolution},
  booktitle = {ECCV},
  year = {2014}
}

@ARTICLE{l104,
  author = {David L. Donoho},
  title = {For Most Large Underdetermined Systems of Linear Equations the Minimal
	$\ell$1-norm Solution is also the Sparsest Solution},
  journal = {Comm. Pure Appl. Math},
  year = {2004},
  volume = {59},
  pages = {797--829}
}

@ARTICLE{hlle,
  author = {Donoho, David L and Grimes, Carrie},
  title = {Hessian eigenmaps: Locally linear embedding techniques for high-dimensional
	data},
  journal = {Proc Nat Acad Sci USA},
  year = {2003},
  volume = {100},
  pages = {5591--5596},
  number = {10}
}

@INPROCEEDINGS{attributes:retrieval:cvpr10,
  author = {Douze, M. and Ramisa, A. and Schmid, C.},
  title = {Combining attributes and Fisher vectors for efficient image retrieval},
  booktitle = {CVPR},
  year = {2011}
}

@ARTICLE{Drori03,
  author = {Drori, Iddo and Cohen-Or, Daniel and Yeshurun, Hezy},
  title = {Fragment-based image completion},
  journal = {ACM Trans. Graph.},
  year = {2003},
  volume = {22},
  number = {3}
}

@INPROCEEDINGS{tl:event,
  author = {Lixin Duan and Dong Xu and Tsang, I.W. and Jiebo Luo},
  title = {Visual event recognition in videos by learning from web data},
  booktitle = {CVPR},
  year = {2010}
}

@ARTICLE{Duchon-JAM-1979,
  author = {Claude E. Duchon},
  title = {{Lanczos Filtering in One and Two Dimensions}},
  journal = {J. Appl. Meteorology},
  year = {1979},
  volume = {18},
  pages = {1016--1022},
  doi = {10.1175/1520-0450(1979)018<1016:LFIOAT>2.0.CO;2},
  issue = {8},
  masid = {44460391}
}

@ARTICLE{Duchon-JAM-1979,
  author = {Claude E. Duchon},
  title = {{Lanczos Filtering in One and Two Dimensions}},
  journal = {J. Appl. Meteorology},
  year = {1979},
  volume = {18},
  pages = {1016--1022},
  doi = {10.1175/1520-0450(1979)018<1016:LFIOAT>2.0.CO;2},
  issue = {8},
  masid = {44460391}
}

@ARTICLE{Bagging_Clustering_2003,
  author = {Dudoit, Sandrine and Fridlyand, Jane},
  title = {Bagging to improve the accuracy of a clustering procedure},
  journal = {Bioinformatics},
  year = {2003},
  volume = {19},
  pages = {1090--1099},
  number = {9},
  publisher = {Oxford Univ Press},
  url = {http://www.bioinformatics.oupjournals.org/cgi/doi/10.1093/bioinformatics/btg038}
}

@INPROCEEDINGS{Frey_AffinityPropagation,
  author = {Delbert Dueck and Brendan J. Frey},
  title = {Non-metric affinity propagation for unsupervised image categorization},
  booktitle = iccv,
  year = {2007}
}

@INPROCEEDINGS{annotation:strength,
  author = {Dutt Jain, Suyog and Grauman, Kristen },
  title = {Predicting Sufficient Annotation Strength for Interactive Foreground
	Segmentation},
  booktitle = {ICCV},
  year = {2013}
}

@INPROCEEDINGS{Efrat-ICCV-2013,
  author = {Netalee Efrat and Daniel Glasner and Alexander Apartsin and Boaz
	Nadler and Anat Levin},
  title = {Accurate Blur Models vs. Image Priors in Single Image Super-Resolution},
  booktitle = {ICCV},
  year = {2013}
}

@INPROCEEDINGS{Efrat-ICCV-2013,
  author = {Netalee Efrat and Daniel Glasner and Alexander Apartsin and Boaz
	Nadler and Anat Levin},
  title = {Accurate Blur Models vs. Image Priors in Single Image Super-Resolution},
  booktitle = {ICCV},
  year = {2013}
}

@INPROCEEDINGS{Efros2001,
  author = {Efros, Alexei A. and Freeman, William T.},
  title = {Image quilting for texture synthesis and transfer},
  booktitle = {SIGGRAPH},
  year = {2001}
}

@INPROCEEDINGS{Efros:sig2001,
  author = {Efros, Alexei A. and Freeman, William T.},
  title = {Image quilting for texture synthesis and transfer},
  booktitle = {SIGGRAPH},
  year = {2001}
}

@INPROCEEDINGS{Efros:1999,
  author = {Efros, Alexei A. and Leung, Thomas K.},
  title = {Texture Synthesis by Non-Parametric Sampling},
  booktitle = {ICCV},
  year = {1999}
}

@ARTICLE{texture:from:photo,
  author = {Eisenacher, C. and Lefebvre, S. and Stamminger, M.},
  title = {Texture Synthesis From Photographs},
  journal = {Computer Graphics Forum},
  year = {2008},
  volume = {27},
  pages = {419--428},
  number = {2}
}

@INPROCEEDINGS{Samping-Bag-of-words,
  author = {Eric Nowak, and Fr\'ed\'eric Jurie1, and Bill Triggs},
  title = {Sampling Strategies for Bag-of-Features Image Classification},
  booktitle = {ECCV},
  year = {2006}
}

@ARTICLE{pascal14,
  author = {Everingham, Mark and Eslami, S.M.Ali and Van Gool, Luc and Williams,
	ChristopherK.I. and Winn, John and Zisserman, Andrew},
  title = {The Pascal Visual Object Classes Challenge: A Retrospective},
  journal = {IJCV},
  year = {2015},
  pages = {98-136},
  number = {1}
}

@ARTICLE{pascal:2011,
  author = {Everingham, Mark and Van Gool, Luc and Williams, ChristopherK.I.
	and Winn, John and Zisserman, Andrew},
  title = {The Pascal Visual Object Classes (VOC) Challenge},
  journal = {IJCV},
  year = {2010},
  volume = {88},
  pages = {303-338},
  number = {2}
}

@INPROCEEDINGS{fakton:eccv12,
  author = {Alon Faktor and Michal Irani},
  title = {"Clustering by Composition" - Unsupervised Discovery of Image Categories},
  booktitle = {ECCV},
  year = {2012}
}

@ARTICLE{liblinear,
  author = {Fan, Rong-En and Chang, K W and Hsieh, C J and Wang, X R and Lin,
	C J},
  title = {LIBLINEAR: A library for large linear classification},
  journal = {JMLR},
  year = {2008},
  volume = {9},
  pages = {1871--1874},
  number = {6/1/2008},
  publisher = {MIT Press Cambridge, MA, USA},
  url = {http://portal.acm.org/citation.cfm?id=1442794}
}

@ARTICLE{Fattal-TG-2007,
  author = {Fattal, Raanan},
  title = {Image Upsampling via Imposed Edge Statistics},
  journal = {ACM Trans. Graph.},
  year = {2007},
  volume = {26},
  number = {3},
  month = jul,
  acmid = {1276496},
  address = {New York, NY, USA},
  articleno = {95},
  doi = {10.1145/1276377.1276496},
  issn = {0730-0301},
  issue_date = {July 2007},
  keywords = {Markov random field image modeling, image enhancement, image interpolation,
	super-resolution},
  publisher = {ACM},
  url = {http://doi.acm.org/10.1145/1276377.1276496}
}

@ARTICLE{Fattal-TG-2007,
  author = {Fattal, Raanan},
  title = {Image Upsampling via Imposed Edge Statistics},
  journal = {ACM Trans. Graph.},
  year = {2007},
  volume = {26},
  number = {3},
  month = jul,
  acmid = {1276496},
  address = {New York, NY, USA},
  articleno = {95},
  doi = {10.1145/1276377.1276496},
  issn = {0730-0301},
  issue_date = {July 2007},
  keywords = {Markov random field image modeling, image enhancement, image interpolation,
	super-resolution},
  publisher = {ACM},
  url = {http://doi.acm.org/10.1145/1276377.1276496}
}

@INPROCEEDINGS{Fattal2007,
  author = {Fattal, Raanan},
  title = {Image Upsampling via Imposed Edge Statistics},
  booktitle = {ACM SIGGRAPH 2007 Papers},
  year = {2007},
  series = {SIGGRAPH '07},
  address = {New York, NY, USA},
  publisher = {ACM},
  acmid = {1276496},
  articleno = {95},
  doi = {10.1145/1275808.1276496},
  keywords = {Markov random field image modeling, image enhancement, image interpolation,
	super-resolution},
  location = {San Diego, California},
  url = {http://doi.acm.org/10.1145/1275808.1276496}
}

@INPROCEEDINGS{Fattal:2007:IUV:1275808.1276496,
  author = {Fattal, Raanan},
  title = {Image Upsampling via Imposed Edge Statistics},
  booktitle = {ACM SIGGRAPH 2007 Papers},
  year = {2007},
  series = {SIGGRAPH '07},
  address = {New York, NY, USA},
  publisher = {ACM},
  acmid = {1276496},
  articleno = {95},
  doi = {10.1145/1275808.1276496},
  keywords = {Markov random field image modeling, image enhancement, image interpolation,
	super-resolution},
  location = {San Diego, California},
  url = {http://doi.acm.org/10.1145/1275808.1276496}
}

@INPROCEEDINGS{fedkiw:2001:VSO,
  author = {Ronald Fedkiw and Jos Stam and Henrik Wann Jensen},
  title = {Visual Simulation of Smoke},
  booktitle = {Proceedings of SIGGRAPH 2001},
  year = {2001},
  editor = {Eugene Fiume},
  series = {Computer Graphics Proceedings, Annual Conference Series},
  pages = {15--22},
  organization = {ACM},
  publisher = {ACM Press / ACM SIGGRAPH}
}

@INPROCEEDINGS{FeiFei2004,
  author = {Fei-Fei, L. and Fergus, R. and Perona, P.},
  title = {Learning generative visual models from few training examples: an
	incremental {B}ayesian approach tested on 101 object categories.},
  booktitle = {Workshop on Generative-Model Based Vision},
  year = {2004}
}

@INPROCEEDINGS{feifei-cvpr05,
  author = {Li. Fei-Fei and P. Perona},
  title = {A Bayesian Hierarchical Model for Learning Natural Scene Categories},
  booktitle = cvpr,
  year = {2005}
}

@INPROCEEDINGS{FeiFei05,
  author = {L. Fei-Fei and P. Perona},
  title = {A bayesian hierarchical model for learning natural scene categories.},
  booktitle = cvpr,
  year = {2005}
}

@ARTICLE{Fellner-Helmberg93,
  author = {Fellner, Dieter W. and Helmberg, Christoph},
  title = {Robust Rendering of General Ellipses and Elliptical Arcs},
  journal = tog,
  year = {1993},
  volume = {12},
  pages = {251-276},
  number = {3},
  month = Jul,
  doi = {10.1145/169711.169704}
}

@ARTICLE{Fellner-Helmberg93,
  author = {Fellner, Dieter W. and Helmberg, Christoph},
  title = {Robust Rendering of General Ellipses and Elliptical Arcs},
  journal = tog,
  year = {1993},
  volume = {12},
  pages = {251-276},
  number = {3},
  month = Jul,
  doi = {10.1145/169711.169704}
}

@ARTICLE{Felzenszwalb:Segmentation:IJCV04,
  author = {Pedro F. Felzenszwalb and Daniel P. Huttenlocher},
  title = {Efficient Graph-Based Image Segmentation},
  journal = {IJCV},
  year = {2004},
  volume = {59},
  pages = {167-181},
  owner = {daid},
  timestamp = {2012.02.22}
}

@INPROCEEDINGS{Fergus03,
  author = {Fergus, R. and Perona, P. and Zisserman, A.},
  title = {Object Class Recognition by Unsupervised Scale-Invariant Learning},
  booktitle = cvpr,
  year = {2003},
  volume = {2},
  pages = {264--271}
}

@INPROCEEDINGS{Fergus_Unsupervised,
  author = {Fergus, R. and Perona, P. and Zisserman, A.},
  title = {Object Class Recognition by Unsupervised Scale-Invariant Learning},
  booktitle = cvpr,
  year = {2003},
  volume = {2},
  pages = {264--271}
}

@INPROCEEDINGS{Fergus09,
  author = {R. Fergus and Y. Weiss and A. Torralba},
  title = {Semi-supervised Learning in Gigantic Image Collections},
  booktitle = {NIPS},
  year = {2009}
}

@INPROCEEDINGS{DASA:iccv13,
  author = {Fernando, Basura and Habrard, Amaury and Sebban, Marc and Tuytelaars,
	Tinne},
  title = {Unsupervised Visual Domain Adaptation Using Subspace Alignment},
  booktitle = {ICCV},
  year = {2013}
}

@ARTICLE{spectral-clustering-reveiw,
  author = {Filippone, M and Camastra, F and Masulli, F and Rovetta, S},
  title = {A survey of kernel and spectral methods for clustering},
  journal = {Pattern Recognition},
  year = {2008},
  volume = {41},
  pages = {176--190},
  number = {1},
  publisher = {Elsevier},
  url = {http://dx.doi.org/10.1016/j.patcog.2007.05.018}
}

@ARTICLE{Finkenzeller_2005,
  author = {Finkenzeller, Dieter and Bender, Jan and Schmitt, Alfred},
  title = {Feature-based decomposition of faÃ§ades},
  journal = {Work},
  year = {2005},
  pages = {1--9}
}

@BOOK{FolDamFeiHug.etal93,
  title = {Introduction to Computer Graphics},
  publisher = {Addison-Wesley},
  year = {1993},
  author = {Foley, James D. and van Dam, Andries andFeiner, Stephen K. and Hughes,
	John F. and Phillips, R.}
}

@BOOK{Foley1993,
  title = {Introduction to Computer Graphics},
  publisher = {Addison-Wesley},
  year = {1993},
  author = {Foley, James D. and van Dam, Andries andFeiner, Stephen K. and Hughes,
	John F. and Phillips, R.}
}

@ARTICLE{Freedman-TOG-2011,
  author = {Freedman, Gilad and Fattal, Raanan},
  title = {Image and Video Upscaling from Local Self-examples},
  journal = {ACM Trans. Graph.},
  year = {2011},
  volume = {30},
  pages = {12:1--12:11},
  number = {2},
  month = apr,
  acmid = {1944852},
  address = {New York, NY, USA},
  articleno = {12},
  doi = {10.1145/1944846.1944852},
  issn = {0730-0301},
  issue_date = {April 2011},
  keywords = {Image and video upscaling, natural image modeling, nondyadic filter
	banks, scale invariance, super-resolution, wavelets},
  numpages = {11},
  publisher = {ACM},
  url = {http://doi.acm.org/10.1145/1944846.1944852}
}

@ARTICLE{Freedman-TOG-2011,
  author = {Freedman, Gilad and Fattal, Raanan},
  title = {Image and Video Upscaling from Local Self-examples},
  journal = {ACM Trans. Graph.},
  year = {2011},
  volume = {30},
  pages = {12:1--12:11},
  number = {2},
  month = apr,
  acmid = {1944852},
  address = {New York, NY, USA},
  articleno = {12},
  doi = {10.1145/1944846.1944852},
  issn = {0730-0301},
  issue_date = {April 2011},
  keywords = {Image and video upscaling, natural image modeling, nondyadic filter
	banks, scale invariance, super-resolution, wavelets},
  numpages = {11},
  publisher = {ACM},
  url = {http://doi.acm.org/10.1145/1944846.1944852}
}

@ARTICLE{Freeman-CGA-2002,
  author = {William T. Freeman and Thouis R. Jones and Egon C. Pasztor},
  title = {Example-Based Super-Resolution},
  journal = {IEEE Comput. Graph. Appl.},
  year = {2002},
  volume = {22},
  pages = {56-65},
  number = {2}
}

@ARTICLE{Freeman2002,
  author = {William T. Freeman and Thouis R. Jones and Egon C. Pasztor},
  title = {Example-Based Super-Resolution},
  journal = {IEEE Computer Graphics and Applications},
  year = {2002},
  volume = {22},
  pages = {56-65},
  number = {2}
}

@ARTICLE{Freeman2002a,
  author = {William T. Freeman and Thouis R. Jones and Egon C. Pasztor},
  title = {Example-Based Super-Resolution},
  journal = {IEEE Computer Graphics and Applications},
  year = {2002},
  volume = {22},
  pages = {56-65},
  number = {2}
}

@ARTICLE{Freeman-IJCV-2000,
  author = {William T. Freeman and Egon C. Pasztor and Owen T. Carmichael},
  title = {Learning Low-Level Vision},
  journal = {International Journal of Computer Vision},
  year = {2000},
  volume = {40},
  pages = {25-47},
  number = {1},
  bibsource = {DBLP, http://dblp.uni-trier.de}
}

@ARTICLE{Freeman2000,
  author = {William T. Freeman and Egon C. Pasztor and Owen T. Carmichael},
  title = {Learning Low-Level Vision},
  journal = {International Journal of Computer Vision},
  year = {2000},
  volume = {40},
  pages = {25-47},
  number = {1},
  bibsource = {DBLP, http://dblp.uni-trier.de}
}

@ARTICLE{Frey_AffinityPropagationScience,
  author = {Brendan J. Frey and Delbert Dueck},
  title = {Clustering by Passing Messages Between Data Points},
  journal = {Science},
  year = {2007}
}

@ARTICLE{Frey_Dueck_2007,
  author = {Frey, Brendan J and Dueck, Delbert},
  title = {Clustering by passing messages between data points.},
  journal = {Science},
  year = {2007},
  volume = {315},
  pages = {972--976},
  number = {5814},
  publisher = {AAAS},
  url = {http://www.ncbi.nlm.nih.gov/pubmed/17218491}
}

@INPROCEEDINGS{SIEAL,
  author = {Alexander Freytag and Erik Rodner and Joachim Denzler},
  title = {Selecting Influential Examples: Active Learning with Expected Model
	Output Changes},
  booktitle = {ECCV},
  year = {2014}
}

@ARTICLE{boosting_review,
  author = {Friedman, J. and Hastie, T. and Tibshirani, R.},
  title = {{Additive Logistic Regression: a Statistical View of Boosting}},
  journal = {The Annals of Statistics},
  year = {2000}
}

@INPROCEEDINGS{local_distance:iccv:07,
  author = {Frome, A. and Singer, Y. and Fei Sha and Malik, J.},
  title = {Learning Globally-Consistent Local Distance Functions for Shape-Based
	Image Retrieval and Classification},
  booktitle = {ICCV},
  year = {2007}
}

@ARTICLE{random:phase,
  author = {Galerne, B. and Gousseau, Y. and Morel, J. -M},
  title = {Random Phase Textures: Theory and Synthesis},
  journal = {{IEEE} Trans. Image Process},
  year = {2011},
  volume = {20},
  pages = {257-267},
  number = {1}
}

@ARTICLE{Gimelfarb:96:Texture,
  author = {Georgy L. Gimel'farb},
  title = {Texture Modeling by Multiple Pairwise Pixel Interactions},
  journal = {PAMI},
  year = {1996},
  volume = {18},
  number = {11}
}

@ARTICLE{fast_rcnn,
  author = {Ross Girshick},
  title = {Fast R-CNN},
  journal = {arXiv:1504.08083},
  year = {2015}
}

@INPROCEEDINGS{rcnn,
  author = {Ross Girshick and Jeff Donahue and Trevor Darrell and Jitendra Malik},
  title = {Rich feature hierarchies for accurate object detection and semantic
	segmentation},
  booktitle = {CVPR},
  year = {2014}
}

@INPROCEEDINGS{Glasner-ICCV-2009,
  author = {Daniel Glasner and Shai Bagon and Michal Irani},
  title = {Super-Resolution from a Single Image},
  booktitle = {ICCV},
  year = {2009}
}

@INPROCEEDINGS{Glasner-ICCV-2009,
  author = {Daniel Glasner and Shai Bagon and Michal Irani},
  title = {Super-Resolution from a Single Image},
  booktitle = {ICCV},
  year = {2009}
}

@INPROCEEDINGS{class:clapse:nips05,
  author = {Globerson, Amir and Roweis, Sam T},
  title = {Metric learning by collapsing classes},
  booktitle = {NIPS},
  year = {2005}
}

@ARTICLE{Goldberger_Gordon_Greenspan_2006,
  author = {Goldberger, Jacob and Gordon, Shiri and Greenspan, Hayit},
  title = {Unsupervised image-set clustering using an information theoretic
	framework.},
  journal = {IEEE Transactions on Image Processing},
  year = {2006},
  volume = {15},
  pages = {449--458},
  number = {2},
  url = {http://www.ncbi.nlm.nih.gov/pubmed/16479815}
}

@ARTICLE{Goldberger_UnsupervisedImgSet,
  author = {Jacob Goldberger and Shiri Gordon and Hayit Greenspan},
  title = {Unsupervised image-set clustering using an information theoretic
	framework},
  journal = {IEEE Transactions on Image Processing},
  year = {2006},
  volume = {15},
  pages = {449-458},
  number = {2}
}

@INPROCEEDINGS{NCA:2004,
  author = {Goldberger, Jacob and Roweis, Sam and Hinton, Geoff and Salakhutdinov,
	Ruslan},
  title = {Neighbourhood components analysis},
  booktitle = {NIPS},
  year = {2004}
}

@INPROCEEDINGS{Gomes:nips10,
  author = {Gomes, Ryan and Krause, Andreas and Perona, Pietro},
  title = {Discriminative Clustering by Regularized Information Maximization},
  booktitle = {NIPS},
  year = {2010}
}

@INCOLLECTION{Gomes:nips11,
  author = {Ryan G. Gomes and Peter Welinder and Andreas Krause and Pietro Perona},
  title = {Crowdclustering},
  booktitle = {Advances in Neural Information Processing Systems 24},
  year = {2011},
  editor = {J. Shawe-Taylor and R.S. Zemel and P. Bartlett and F.C.N. Pereira
	and K.Q. Weinberger},
  pages = {558--566}
}

@INPROCEEDINGS{IQ:cvpr11,
  author = {Gong, Yunchao and Lazebnik, Svetlana},
  title = {Iterative quantization: A procrustean approach to learning binary
	codes},
  booktitle = {CVPR},
  year = {2011}
}

@ARTICLE{vangool83,
  author = {L. Van Gool and P. Dewaele and A. Oosterlinck},
  title = {Texture analysis Anno 1983 },
  journal = {COMPUT VISION GRAPH},
  year = {1985},
  volume = {29},
  pages = {336 - 357},
  number = {3}
}

@INPROCEEDINGS{ValGool:Towardsmass:2007,
  author = {Luc Van Gool and Gang Zeng and Filip Van Den Borre and Pascal M\"uller},
  title = {TOWARDS MASS-PRODUCED BUILDING MODELS},
  booktitle = {PIA},
  year = {2007}
}

@INPROCEEDINGS{DA:iccv11,
  author = {Gopalan, R. and Ruonan Li and Chellappa, R.},
  title = {Domain adaptation for object recognition: An unsupervised approach},
  booktitle = {ICCV},
  year = {2011}
}

@INPROCEEDINGS{Gould:decomposing:ICCV09,
  author = {Stephen Gould and Richard Fulton and Daphne Koller},
  title = {Decomposing a scene into geometric and semantically consistent regions.},
  booktitle = {ICCV},
  year = {2009}
}

@ARTICLE{Gould:2008:IJCV,
  author = {Stephen Gould and Jim Rodgers and David Cohen and Gal Elidan and
	Daphne Koller},
  title = {Multi-Class Segmentation with Relative Location Prior.},
  journal = {IJCV},
  year = {2008},
  volume = {80},
  pages = {300-316},
  number = {3}
}

@ARTICLE{gould:ijcv10,
  author = {Gould, Stephen and Rodgers, Jim and Cohen, David and Elidan, Gal
	and Koller, Daphne},
  title = {Multi-Class Segmentation with Relative Location Prior},
  journal = {International Journal of Computer Vision},
  year = {2008},
  volume = {80},
  pages = {300-316},
  doi = {10.1007/s11263-008-0140-x},
  issn = {0920-5691},
  issue = {3},
  keywords = {Multi-class image segmentation; Segmentation; Relative location},
  language = {English},
  publisher = {Springer US},
  url = {http://dx.doi.org/10.1007/s11263-008-0140-x}
}

@INPROCEEDINGS{Grauman:cvpr06,
  author = {Grauman, Kristen and Darrell, Trevor},
  title = {Unsupervised Learning of Categories from Sets of Partially Matching
	Image Features},
  booktitle = {CVPR}
}

@INPROCEEDINGS{Grauman06,
  author = {Grauman, K and Darrell, T},
  title = {Unsupervised Learning of Categories from Sets of Partially Matching
	Image Features},
  booktitle = cvpr,
  year = {2006}
}

@TECHREPORT{Caltech-256,
  author = {G. Griffin and A. Holub and P. Perona},
  title = {Caltech-256 Object Category Dataset},
  institution = {California Institute of Technology},
  year = {2007},
  number = {7694},
  url = {http://authors.library.caltech.edu/7694}
}

@INPROCEEDINGS{youtube2text,
  author = {Sergio Guadarrama and Niveda Krishnamoorthy and Girish Malkarnenkar
	and Subhashini Venugopalan and Raymond Mooney and Trevor Darrell
	and Kate Saenko},
  title = {YouTube2Text: Recognizing and Describing Arbitrary Activities Using
	Semantic Hierarchies and Zero-shot Recognition},
  booktitle = {ICCV},
  year = {2013}
}

@INPROCEEDINGS{open:voca:retr,
  author = {Sergio Guadarrama and Erik Rodner and Kate Saenko and Ning Zhang
	and Ryan Farrell and Jeff Donahue and Trevor Darrell},
  title = {Open-vocabulary Object Retrieval},
  booktitle = {Robotics Science and Systems (RSS)},
  year = {2014}
}

@INPROCEEDINGS{tagprop:iccv09,
  author = {Guillaumin, M. and Mensink, T. and Verbeek, J. and Schmid, C.},
  title = {TagProp: Discriminative metric learning in nearest neighbor models
	for image auto-annotation},
  booktitle = {ICCV},
  year = {2009}
}

@INPROCEEDINGS{isthatyou,
  author = {Guillaumin, M. and Verbeek, J. and Schmid, C.},
  title = {Is that you? Metric learning approaches for face identification},
  booktitle = {ICCV},
  year = {2009}
}

@INPROCEEDINGS{ml:face:09,
  author = {Guillaumin, M. and Verbeek, J. and Schmid, C.},
  title = {Is that you? Metric learning approaches for face identification},
  booktitle = {ICCV},
  year = {2009}
}

@INPROCEEDINGS{geodesic:star,
  author = {Gulshan, V. and Rother, C. and Criminisi, Antonio and Blake, A. and
	Zisserman, A.},
  title = {Geodesic star convexity for interactive image segmentation},
  booktitle = {CVPR},
  year = {2010}
}

@ARTICLE{SuTransfer,
  author = {Gupta, Saurabh and Hoffman, Judy and Malik, Jitendra },
  title = {Cross Modal Distillation for Supervision Transfer},
  journal = {arXiv:1507.00448},
  year = {2015}
}

@ARTICLE{image:interestingness,
  author = {Gygli, Michael and Grabner, Helmut and Riemenschneider, Hayko and
	Nater, Fabian and Van Gool, Luc},
  title = {The Interestingness Of Images},
  journal = {ICCV},
  year = {2013}
}

@INPROCEEDINGS{SVM-KNN,
  author = {H. Zhang, A. Berg, M. Maire, and J. Malik},
  title = {Svm-knn: Discriminative nearest neighbor classification for visual
	category recognition},
  booktitle = cvpr,
  year = {2006}
}

@INPROCEEDINGS{Haegler:Eurographics:2010,
  author = {S. Haegler and P. Wonka and S. M\"ueller Arisona and L. Van Gool
	and P. M\"ueller},
  title = {Grammar-Based Encoding of Facades},
  booktitle = {Eurographics},
  year = {2010}
}

@INPROCEEDINGS{Feng:2005,
  author = {Feng Han and Song-chun Zhu},
  title = {Bottom-up/top-down image parsing by attribute graph grammar},
  booktitle = {ICCV},
  year = {2005}
}

@INPROCEEDINGS{Harel01onclustering,
  author = {David Harel and Yehuda Koren},
  title = {On Clustering Using Random Walks},
  booktitle = {Foundations of Software Technology and Theoretical Computer Science
	2245},
  year = {2001}
}

@INPROCEEDINGS{semantic:contour,
  author = {Hariharan, Bharath and Arbel{\'a}ez, Pablo and Bourdev, Lubomir and
	Maji, Subhransu and Malik, Jitendra},
  title = {Semantic contours from inverse detectors},
  booktitle = {ICCV},
  year = {2011}
}

@INCOLLECTION{SDS,
  author = {Hariharan, Bharath and Arbeláez, Pablo and Girshick, Ross and Malik,
	Jitendra},
  title = {Simultaneous Detection and Segmentation},
  booktitle = {ECCV},
  year = {2014}
}

@INPROCEEDINGS{Hautamaki2004,
  author = {Hautamaki, Ville and Karkkainen, Ismo and Franti, Pasi},
  title = {Outlier Detection Using k-Nearest Neighbour Graph},
  booktitle = {Proceedings of the Pattern Recognition, 17th International Conference
	on (ICPR'04) Volume 3 - Volume 03},
  year = {2004},
  series = {ICPR '04},
  pages = {430--433},
  address = {Washington, DC, USA},
  publisher = {IEEE Computer Society},
  acmid = {1021000},
  doi = {10.1109/ICPR.2004.671},
  isbn = {0-7695-2128-2},
  numpages = {4},
  url = {http://dx.doi.org/10.1109/ICPR.2004.671}
}

@INPROCEEDINGS{Hautamaki:2004,
  author = {Hautamaki, Ville and Karkkainen, Ismo and Franti, Pasi},
  title = {Outlier Detection Using k-Nearest Neighbour Graph},
  booktitle = {Proceedings of the Pattern Recognition, 17th International Conference
	on (ICPR'04) Volume 3 - Volume 03},
  year = {2004},
  series = {ICPR '04},
  pages = {430--433},
  address = {Washington, DC, USA},
  publisher = {IEEE Computer Society},
  acmid = {1021000},
  doi = {10.1109/ICPR.2004.671},
  isbn = {0-7695-2128-2},
  numpages = {4},
  url = {http://dx.doi.org/10.1109/ICPR.2004.671}
}

@INPROCEEDINGS{speech:retri:img,
  author = {Hazen, Timothy J. and Brennan Sherry and Mark Adler},
  title = {Speech-based annotation and retrieval of digital photographs},
  booktitle = {INTERSPEECH},
  year = {2007}
}

@INPROCEEDINGS{He_2015_CVPR,
  author = {He, Kaiming and Sun, Jian},
  title = {Convolutional Neural Networks at Constrained Time Cost},
  year = {2015},
  journal = {CVPR}
}

@INPROCEEDINGS{He:completion:eccv12,
  author = {He, Kaiming and Sun, Jian},
  title = {Statistics of patch offsets for image completion},
  booktitle = {ECCV},
  year = {2012}
}

@INPROCEEDINGS{NPEmbedding:iccv05,
  author = {Xiaofei He and Deng Cai and Shuicheng Yan and Hong-Jiang Zhang},
  title = {Neighborhood preserving embedding},
  booktitle = {ICCV},
  year = {2005}
}

@INPROCEEDINGS{He:Multiscale:CVPR04,
  author = {Xuming He and Richard S. Zemel and Miguel {\'A}.\ Carreira-Perpin{\~n}{\'a}n},
  title = {Multiscale Conditional Random Fields for Image Labeling.},
  booktitle = {CVPR},
  year = {2004}
}

@INPROCEEDINGS{he:cvpr04,
  author = {Xuming He and Richard S. Zemel and Miguel {\'A}. Carreira-Perpi{\~n}{\'a}n},
  title = {Multiscale Conditional Random Fields for Image Labeling},
  booktitle = {CVPR (2)},
  year = {2004},
  pages = {695-702},
  bibsource = {DBLP, http://dblp.uni-trier.de},
  ee = {http://doi.ieeecomputersociety.org/10.1109/CVPR.2004.173}
}

@INPROCEEDINGS{Heeger:95,
  author = {Heeger, David J. and Bergen, James R.},
  title = {Pyramid-based texture analysis/synthesis},
  booktitle = {SIGGRAPH},
  year = {1995}
}

@INPROCEEDINGS{DistillingCNN,
  author = {Hinton, Geoffrey and Vinyals, Oriol and Dean, Jeff},
  title = {Distilling the Knowledge in a Neural Network},
  booktitle = {Deep Learning and Representation Learning Workshop, NIPS},
  year = {2014}
}

@INPROCEEDINGS{lsda,
  author = {Judy Hoffman and Sergio Guadarrama and Eric Tzeng and Ronghang Hu
	and Jeff Donahue and Ross Girshick and Trevor Darrell and Kate Saenko},
  title = { {LSDA}: Large Scale Detection through Adaptation},
  booktitle = {NIPS},
  year = {2014}
}

@INPROCEEDINGS{ml:retrieval:06,
  author = {Hoi, S.C.H. and Wei Liu and Lyu, M.R. and Wei-Ying Ma},
  title = {Learning Distance Metrics with Contextual Constraints for Image Retrieval},
  booktitle = {CVPR},
  year = {2006}
}

@INPROCEEDINGS{Hoiem:object:CVPR06,
  author = {Derek Hoiem and Alexei A. Efros and Martial Hebert},
  title = {Putting objects in perspective},
  booktitle = {CVPR},
  year = {2006}
}

@INPROCEEDINGS{video:anno:knowledgebase,
  author = {Hoogs, A. and Rittscher, J. and Stein, G. and Schmiederer, J.},
  title = {Video content annotation using visual analysis and a large semantic
	knowledgebase},
  booktitle = {CVPR},
  year = {2003}
}

@INPROCEEDINGS{image:memorability,
  author = {Phillip Isola and Jianxiong Xiao and Antonio Torralba and Aude Oliva},
  title = {What makes an image memorable?},
  booktitle = {CVPR},
  year = {2011}
}

@ARTICLE{Jain:prl10,
  author = {Jain, Anil K.},
  title = {Data clustering: 50 years beyond K-means},
  journal = {Pattern Recogn. Lett.},
  year = {2010},
  volume = {31},
  pages = {651--666},
  number = {8},
  month = jun,
  acmid = {1755654},
  address = {New York, NY, USA},
  doi = {10.1016/j.patrec.2009.09.011},
  issn = {0167-8655},
  issue_date = {June, 2010},
  keywords = {Data clustering, Historical developments, King-Sun Fu prize, Perspectives
	on clustering, User's dilemma},
  numpages = {16},
  publisher = {Elsevier Science Inc.},
  url = {http://dx.doi.org/10.1016/j.patrec.2009.09.011}
}

@ARTICLE{pr:JainF91,
  author = {Anil K. Jain and Farshid Farrokhnia},
  title = {Unsupervised texture segmentation using Gabor filters},
  journal = {Pattern Recognition},
  year = {1991},
  volume = {24},
  pages = {1167-1186},
  number = {12},
  bibsource = {DBLP, http://dblp.uni-trier.de},
  ee = {http://dx.doi.org/10.1016/0031-3203(91)90143-S}
}

@ARTICLE{clustering_review,
  author = {Jain, A. K. and Murty, M. N. and Flynn, P. J.},
  title = {{Data clustering: a review}},
  journal = {ACM Comput. Surv.},
  year = {1999},
  volume = {31},
  pages = {264--323},
  number = {3},
  month = sep,
  address = {New York, NY, USA},
  citeulike-article-id = {83751},
  citeulike-linkout-0 = {http://portal.acm.org/citation.cfm?id=331504},
  citeulike-linkout-1 = {http://dx.doi.org/10.1145/331499.331504},
  doi = {10.1145/331499.331504},
  issn = {0360-0300},
  keywords = {clustering, data},
  posted-at = {2006-05-01 08:12:03},
  priority = {0},
  publisher = {ACM},
  url = {http://dx.doi.org/10.1145/331499.331504}
}

@INPROCEEDINGS{online_metric:nips08,
  author = {Prateek Jain and Brian Kulis and Inderjit S. Dhillon and Kristen
	Grauman},
  title = {Online Metric Learning and Fast Similarity Search},
  booktitle = {NIPS},
  year = {2008}
}

@INPROCEEDINGS{Kernel-codebooks,
  author = {Jan C. van Gemert, Jan-Mark Geusebroek, Cor J. Veenman, and Arnold
	W.M. Smeulders},
  title = {Kernel Codebooks for Scene Categorization},
  booktitle = {ECCV},
  year = {2008}
}

@INPROCEEDINGS{hamming:embedding:08,
  author = {Jegou, Herve and Douze, Matthijs and Schmid, Cordelia},
  title = {Hamming Embedding and Weak Geometric Consistency for Large Scale
	Image Search},
  booktitle = {ECCV},
  year = {2008}
}

@INPROCEEDINGS{Jegou:hamming:2008,
  author = {Herve Jegou and Matthijs Douze and Cordelia Schmid},
  title = {Hamming Embedding and Weak Geometric Consistency for Large Scale
	Image Search.},
  booktitle = {ECCV},
  year = {2008}
}

@INPROCEEDINGS{caffe,
  author = {Jia, Yangqing and Shelhamer, Evan and Donahue, Jeff and Karayev,
	Sergey and Long, Jonathan and Girshick, Ross and Guadarrama, Sergio
	and Darrell, Trevor},
  title = {Caffe: Convolutional architecture for fast feature embedding},
  booktitle = {ACM International Conference on Multimedia},
  year = {2014}
}

@INPROCEEDINGS{Linear-Sparse-Coding,
  author = {Jianchao Yang, Kai Yu, Yihong Gong, and Thomas Huang},
  title = {Linear Spatial Pyramid Matching Using Sparse Coding for Image Classification},
  booktitle = {CVPR},
  year = {2009}
}

@INPROCEEDINGS{yang:cvpr09,
  author = {Jianchao Yang, Kai Yu, Yihong Gong, Thomas Huang.},
  title = {Spatial Pyramid Matching Using Sparse Coding for Image Classification.},
  booktitle = {CVPR},
  year = {2009}
}

@INPROCEEDINGS{Jobs95,
  author = {Daniel J Jobson and {Zia-ur} Rahman and Glenn A Woodell},
  title = {Retinex image processing: Improved fidelity to direct visual observation},
  booktitle = {Proceedings of the IS\&T Fourth Color Imaging Conference: Color Science,
	Systems, and Applications},
  year = {1995},
  volume = {4},
  pages = {124--125},
  organization = {The Society for Imaging Science and Technology}
}

@ARTICLE{Semantic-modeling,
  author = {Julia Vogel1, and Bernt Schiele},
  title = {Semantic Modeling of Natural Scenes for Content-Based Image Retrieval},
  journal = {IJCV},
  year = {2007 },
  volume = {72},
  pages = {133-157},
  number = {2}
}

@ARTICLE{speech:anno:img,
  author = {Kalashnikov, D.V. and Mehrotra, S. and Jie Xu and Venkatasubramanian,
	N.},
  title = {A Semantics-Based Approach for Speech Annotation of Images},
  journal = {IEEE Trans. Knowl. Data Eng.},
  year = {2011},
  volume = {23},
  pages = {1373-1387},
  number = {9}
}

@INPROCEEDINGS{anytimeRec,
  author = {Karayev, S. and Fritz, M. and Darrell, T.},
  title = {Anytime Recognition of Objects and Scenes},
  booktitle = {CVPR},
  year = {2014}
}

@INPROCEEDINGS{deep:alignment:vl,
  author = {Karpathy, Andrej and Fei-Fei, Li},
  title = {Deep Visual-Semantic Alignments for Generating Image Descriptions},
  booktitle = {CVPR},
  year = {2015}
}

@PHDTHESIS{kartch:2000:ERA,
  author = {Daniel Kartch},
  title = {Efficient Rendering and Compression for Full-Parallax Computer-Generated
	Holographic Stereograms},
  school = {Cornell University},
  year = {2000}
}

@INPROCEEDINGS{Kim_2008_6030,
  author = {Gunhee Kim and Christos Faloutsos and Martial Hebert},
  title = {Unsupervised Modeling of Object Categories Using Link Analysis Techniques},
  booktitle = cvpr,
  year = {2008}
}

@INPROCEEDINGS{Kim_Unsupervised,
  author = {Kim, Gunhee and Faloutsos, Christos and Hebert, Martial},
  title = {Unsupervised modeling and recognition of object categories with combination
	of visual contents and geometric similarity links},
  booktitle = {ACM MIR},
  year = {2008},
  pages = {419--426}
}

@ARTICLE{pr:Kim09,
  author = {Jong-Sung Kim and Ki-Sang Hong},
  title = {Colorâtexture segmentation using unsupervised graph cuts},
  journal = {Pattern Recognition},
  year = {2009},
  volume = {42},
  pages = {735 - 750},
  number = {5},
  doi = {10.1016/j.patcog.2008.09.031},
  issn = {0031-3203},
  url = {http://www.sciencedirect.com/science/article/pii/S0031320308004111}
}

@ARTICLE{Kim-PAMI-2010,
  author = {Kwang In Kim and Younghee Kwon},
  title = {Single-Image Super-Resolution Using Sparse Regression and Natural
	Image Prior},
  journal = {Pattern Analysis and Machine Intelligence, IEEE Transactions on},
  year = {2010},
  volume = {32},
  pages = {1127-1133},
  number = {6},
  month = {June},
  doi = {10.1109/TPAMI.2010.25},
  issn = {0162-8828},
  keywords = {gradient methods;image matching;image resolution;regression analysis;Kernel
	ridge regression;gradient descent;image resolution;kernel matching
	pursuit;natural image prior;sparse regression;Displays;Energy resolution;Image
	enhancement;Image resolution;Kernel;Machine learning;Machine learning
	algorithms;Matching pursuit algorithms;Spatial resolution;Testing;Computer
	vision;display algorithms.;image enhancement;machine learning}
}

@ARTICLE{Kim2010,
  author = {Kwang In Kim and Younghee Kwon},
  title = {Single-Image Super-Resolution Using Sparse Regression and Natural
	Image Prior},
  journal = {Pattern Analysis and Machine Intelligence, IEEE Transactions on},
  year = {2010},
  volume = {32},
  pages = {1127-1133},
  number = {6},
  month = {June},
  doi = {10.1109/TPAMI.2010.25},
  issn = {0162-8828},
  keywords = {gradient methods;image matching;image resolution;regression analysis;Kernel
	ridge regression;gradient descent;image resolution;kernel matching
	pursuit;natural image prior;sparse regression;Displays;Energy resolution;Image
	enhancement;Image resolution;Kernel;Machine learning;Machine learning
	algorithms;Matching pursuit algorithms;Spatial resolution;Testing;Computer
	vision;display algorithms.;image enhancement;machine learning}
}

@ARTICLE{Kobbelt1997,
  author = {L. Kobbelt and M. Stamminger and H.-P. Seidel},
  title = {Using Subdivision on Hierarchical Data to Reconstruct RadiosityDistribution},
  journal = cgforum,
  year = {1997},
  volume = {16},
  pages = {C347-C355},
  number = {3},
  note = {(Proc. Eurographics'97) \httpAddr{//diglib.eg.org/EG/CGF/volume16/issue3/CGF172.html}},
  doi = {10.1111/1467-8659.16.3conferenceissue.36}
}

@ARTICLE{Kobbelt97-USHDR,
  author = {L. Kobbelt and M. Stamminger and H.-P. Seidel},
  title = {Using Subdivision on Hierarchical Data to Reconstruct RadiosityDistribution},
  journal = cgforum,
  year = {1997},
  volume = {16},
  pages = {C347-C355},
  number = {3},
  note = {(Proc. Eurographics'97) \httpAddr{//diglib.eg.org/EG/CGF/volume16/issue3/CGF172.html}},
  doi = {10.1111/1467-8659.16.3conferenceissue.36}
}

@INPROCEEDINGS{Kopf-SIG-2011,
  author = {Kopf, Johannes and Lischinski, Dani},
  title = {Depixelizing Pixel Art},
  booktitle = {ACM SIGGRAPH 2011 Papers},
  year = {2011},
  series = {SIGGRAPH '11},
  pages = {99:1--99:8},
  address = {New York, NY, USA},
  publisher = {ACM},
  acmid = {1964994},
  articleno = {99},
  doi = {10.1145/1964921.1964994},
  isbn = {978-1-4503-0943-1},
  keywords = {pixel art, upscaling, vectorization},
  location = {Vancouver, British Columbia, Canada},
  numpages = {8},
  url = {http://doi.acm.org/10.1145/1964921.1964994}
}

@INPROCEEDINGS{Kopf-SIG-2011,
  author = {Kopf, Johannes and Lischinski, Dani},
  title = {Depixelizing Pixel Art},
  booktitle = {ACM SIGGRAPH 2011 Papers},
  year = {2011},
  series = {SIGGRAPH '11},
  pages = {99:1--99:8},
  address = {New York, NY, USA},
  publisher = {ACM},
  acmid = {1964994},
  articleno = {99},
  doi = {10.1145/1964921.1964994},
  isbn = {978-1-4503-0943-1},
  keywords = {pixel art, upscaling, vectorization},
  location = {Vancouver, British Columbia, Canada},
  numpages = {8},
  url = {http://doi.acm.org/10.1145/1964921.1964994}
}

@INPROCEEDINGS{eccv08:facade:occlusion,
  author = {Korah, Thommen and Rasmussen, Christopher},
  title = {Analysis of Building Textures for Reconstructing Partially Occluded
	Facades},
  booktitle = {ECCV},
  year = {2008}
}

@INPROCEEDINGS{large:scale:metric:cvpr12,
  author = {Kostinger, M. and Hirzer, M. and Wohlhart, P. and Roth, P.M. and
	Bischof, H.},
  title = {Large scale metric learning from equivalence constraints},
  booktitle = {CVPR},
  year = {2012}
}

@INCOLLECTION{fully-crf,
  author = {Philipp Kr\"{a}henb\"{u}hl and Koltun, Vladlen},
  title = {Efficient Inference in Fully Connected CRFs with Gaussian Edge Potentials},
  booktitle = {NIPS},
  year = {2011}
}

@INCOLLECTION{deepnet:nips12,
  author = {Alex Krizhevsky and Sutskever, Ilya and Geoffrey E. Hinton},
  title = {ImageNet Classification with Deep Convolutional Neural Networks},
  booktitle = {NIPS},
  year = {2012}
}

@INPROCEEDINGS{Krogh95neuralnetwork,
  author = {Anders Krogh and Jesper Vedelsby},
  title = {Neural Network Ensembles, Cross Validation, and Active Learning},
  booktitle = {NIPS},
  year = {1995}
}

@ARTICLE{metric:survey:12,
  author = {Kulis, Brian},
  title = {Metric learning: A survey},
  journal = {Foundations \& Trends in Machine Learning},
  year = {2012},
  volume = {5},
  pages = {287--364},
  number = {4}
}

@ARTICLE{ml:fast:search:09,
  author = {Kulis, B. and Jain, P. and Grauman, K.},
  title = {Fast Similarity Search for Learned Metrics},
  journal = {PAMI},
  year = {2009},
  volume = {31},
  pages = {2143-2157},
  number = {12}
}

@INPROCEEDINGS{tl:kernel:11,
  author = {Kulis, B. and Saenko, K. and Darrell, T.},
  title = {What You Saw is Not What You Get: Domain Adaptation Using Asymmetric
	Kernel Transforms},
  booktitle = {CVPR},
  year = {2011}
}

@ARTICLE{babytalk,
  author = {Kulkarni, Girish and Premraj, Visruth and Ordonez, Vicente and Dhar,
	Sagnik and Li, Siming and Choi, Yejin and Berg, Alexander C. and
	Berg, Tamara L.},
  title = {BabyTalk: Understanding and Generating Simple Image Descriptions},
  journal = {PAMI},
  year = {2013},
  volume = {35},
  pages = {2891-2903},
  number = {12}
}

@ARTICLE{Kwatra:tog:2005,
  author = {Kwatra, Vivek and Essa, Irfan and Bobick, Aaron and Kwatra, Nipun},
  title = {Texture optimization for example-based synthesis},
  journal = {ACM Trans. Graph.},
  year = {2005},
  volume = {24},
  number = {3}
}

@INPROCEEDINGS{Kwatra:2003,
  author = {Kwatra, Vivek and Sch\"{o}dl, Arno and Essa, Irfan and Turk, Greg
	and Bobick, Aaron},
  title = {Graphcut textures: image and video synthesis using graph cuts},
  booktitle = {SIGGRAPH},
  year = {2003}
}

@INPROCEEDINGS{Lafortune1997,
  author = {Eric P. Lafortune and Sing-Choong Foo and Kenneth E. Torrance andDonald
	P. Greenberg},
  title = {Non-Linear Approximation of Reflectance Functions},
  booktitle = {Proc. SIGGRAPH '97},
  year = {1997},
  volume = {31},
  pages = {117-126},
  doi = {10.1145/258734.258801}
}

@INPROCEEDINGS{Lafortune97-NARF,
  author = {Eric P. Lafortune and Sing-Choong Foo and Kenneth E. Torrance andDonald
	P. Greenberg},
  title = {Non-Linear Approximation of Reflectance Functions},
  booktitle = {Proc. SIGGRAPH '97},
  year = {1997},
  volume = {31},
  pages = {117-126},
  doi = {10.1145/258734.258801}
}

@INPROCEEDINGS{tl:attribute:09,
  author = {Lampert, C.H. and Nickisch, H. and Harmeling, S.},
  title = {Learning to detect unseen object classes by between-class attribute
	transfer},
  booktitle = {CVPR},
  year = {2009}
}

@MISC{notes2002,
  author = {H. Landis},
  title = {Global Illumination in Production},
  howpublished = {ACM SIGGRAPH 2002 Course \#16 Notes},
  month = {July},
  year = {2002}
}

@INPROCEEDINGS{pixel:tone,
  author = {Laput, Gierad P and Dontcheva, Mira and Wilensky, Gregg and Chang,
	Walter and Agarwala, Aseem and Linder, Jason and Adar, Eytan},
  title = {PixelTone: a multimodal interface for image editing},
  booktitle = {CHI},
  year = {2013}
}

@ARTICLE{Laycock_2003,
  author = {Laycock, R G},
  title = {Automatically Generating Roof Models from Building Footprints},
  journal = {Information Systems Journal},
  year = {2003},
  pages = {4--7},
  publisher = {Citeseer},
  url = {http://citeseerx.ist.psu.edu/viewdoc/download?doi=10.1.1.14.1162&rep=rep1&type=pdf}
}

@INPROCEEDINGS{lazebnik:cvpr06,
  author = {Lazebnik, S. and Schmid, C. and Ponce, J.},
  title = {Beyond Bags of Features: Spatial Pyramid Matching for Recognizing
	Natural Scene Categories.},
  booktitle = {CVPR},
  year = {2006}
}

@ARTICLE{UIUC:Texture,
  author = {Lazebnik, S. and Schmid, C. and Ponce, J.},
  title = {A sparse texture representation using local affine regions},
  journal = {PAMI},
  year = {2005},
  volume = {27},
  pages = {1265--1278},
  number = {8}
}

@INPROCEEDINGS{Lee11cvpr,
  author = {Y. J. Lee and K. Grauman},
  title = {Learning the Easy Things First: Self-Paced Visual Category Discovery},
  booktitle = {CVPR},
  year = {2011}
}

@INPROCEEDINGS{Lefebvre06,
  author = {Lefebvre, Sylvain and Hoppe, Hugues},
  title = {Appearance-space Texture Synthesis},
  booktitle = {SIGGRAPH},
  year = {2006}
}

@INPROCEEDINGS{Lefebvre05,
  author = {Lefebvre, Sylvain and Hoppe, Hugues},
  title = {Parallel Controllable Texture Synthesis},
  booktitle = {SIGGRAPH},
  year = {2005}
}

@INPROCEEDINGS{Lefebvre:2005:sig,
  author = {Lefebvre, Sylvain and Hoppe, Hugues},
  title = {Parallel controllable texture synthesis},
  booktitle = {SIGGRAPH},
  year = {2005}
}

@INPROCEEDINGS{Lefebvre2010,
  author = {Sylvain Lefebvre and Samuel Hornus and Anass Lasram},
  title = {By-example Synthesis of Architectural Textures},
  booktitle = {SIGGRAPH},
  year = {2010}
}

@INPROCEEDINGS{Lefebvre:2010,
  author = {Sylvain Lefebvre and Samuel Hornus and Anass Lasram},
  title = {By-example Synthesis of Architectural Textures},
  booktitle = {SIGGRAPH},
  year = {2010}
}

@ARTICLE{Bagged_Clustering,
  author = {Friedrich Leisch},
  title = {Bagged Clustering},
  journal = {Working Paper Series},
  year = {1999}
}

@ARTICLE{texton:2001,
  author = {Leung, Thomas and Malik, Jitendra},
  title = {Representing and Recognizing the Visual Appearance of Materials using
	Three-dimensional Textons},
  journal = {IJCV},
  year = {2001},
  volume = {43},
  pages = {29--44},
  number = {1}
}

@ARTICLE{TurboPixels,
  author = {Levinshtein, Alex and Stere, Adrian and Kutulakos, Kiriakos N. and
	Fleet, David J. and Dickinson, Sven J. and Siddiqi, Kaleem},
  title = {TurboPixels: Fast Superpixels Using Geometric Flows},
  journal = {TPAMI},
  year = {2009},
  volume = {31},
  number = {12}
}

@INPROCEEDINGS{levoy:2000:TDM,
  author = {Marc Levoy and Kari Pulli and Brian Curless and Szymon Rusinkiewicz
	and David Koller and Lucas Pereira and Matt Ginzton and Sean Anderson
	and James Davis and Jeremy Ginsberg and Jonathan Shade and Duane
	Fulk},
  title = {The Digital Michelangelo Project},
  booktitle = {Proceedings of SIGGRAPH 2000},
  year = {2000},
  editor = {Kurt Akeley},
  pages = {131--144},
  address = {New York},
  organization = {ACM},
  publisher = {ACM Press / ACM SIGGRAPH}
}

@ARTICLE{Feifei06,
  author = {Fei-Fei Li and Fergus Rob and Perona Pietro},
  title = {One-Shot Learning of Object Categories},
  journal = {PAMI},
  year = {2006},
  volume = {28},
  pages = {594-611},
  number = {4}
}

@ARTICLE{Feifei_OneShot,
  author = {Fei-Fei Li and Fergus Rob and Perona Pietro},
  title = {One-Shot Learning of Object Categories},
  journal = {PAMI},
  year = {2006},
  volume = {28},
  pages = {594-611},
  number = {4}
}

@INPROCEEDINGS{event8,
  author = {Li, L.-J. and Fei-Fei, L.},
  title = {What, where and who? Classifying event by scene and object recognition.},
  booktitle = iccv,
  year = {2007}
}

@INPROCEEDINGS{LiSocherFeiFei2009,
  author = {Li, L-J. and Socher, R. and Fei-Fei, L.},
  title = {Towards Total Scene Understanding:Classification, Annotation and
	Segmentation in an Automatic Framework},
  booktitle = cvpr,
  year = {2009}
}

@INPROCEEDINGS{objectbank:nips10,
  author = {Li-Jia Li and Hao Su and Eric P. Xing and Fei-Fei Li},
  title = {Object Bank: A High-Level Image Representation for Scene Classification
	\& Semantic Feature Sparsification},
  booktitle = {NIPS},
  year = {2010}
}

@ARTICLE{Li-TIP-2001,
  author = {Li, Xin and Orchard, M. T.},
  title = {New edge-directed interpolation},
  journal = {Trans. Img. Proc.},
  year = {2001},
  volume = {10},
  pages = {1521--1527},
  number = {10}
}

@ARTICLE{Li-TIP-2001,
  author = {Li, Xin and Orchard, M. T.},
  title = {New edge-directed interpolation},
  journal = {Trans. Img. Proc.},
  year = {2001},
  volume = {10},
  pages = {1521--1527},
  number = {10}
}

@INPROCEEDINGS{Li:ICCV:2011,
  author = {Y. Li and A. Sharf and D. Cohen-or and B. Chen},
  title = {2D-3D fusion for layer decomposition of urban facades},
  booktitle = {ICCV},
  year = {2011}
}

@INPROCEEDINGS{Li:sig04,
  author = {Li, Yin and Sun, Jian and Tang, Chi-Keung and Shum, Heung-Yeung},
  title = {Lazy snapping},
  booktitle = {ACM SIGGRAPH 2004 Papers},
  year = {2004},
  series = {SIGGRAPH '04},
  pages = {303--308},
  address = {New York, NY, USA},
  publisher = {ACM},
  acmid = {1015719},
  doi = {10.1145/1186562.1015719},
  keywords = {Graph Cut, Image Cutout, Interactive Image Segmentation, User Interface},
  location = {Los Angeles, California},
  numpages = {6},
  url = {http://doi.acm.org/10.1145/1186562.1015719}
}

@INPROCEEDINGS{LiSuLimFeiFei,
  author = {Li-Jia Li, Hao Su, Yongwhan Lim and Li Fei-Fei},
  title = {Objects as Attributes for Scene Classification},
  booktitle = {ECCV, International Workshop on Parts and Attributes},
  year = {2010}
}

@INPROCEEDINGS{objectbank:eccv10,
  author = {Li-Jia Li, Hao Su, Yongwhan Lim and Li Fei-Fei},
  title = {Objects as Attributes for Scene Classification},
  booktitle = {European Conference of Computer Vision (ECCV), International Workshop
	on Parts and Attributes},
  year = {2010},
  address = {Crete, Greece},
  month = {September}
}

@INPROCEEDINGS{Lin:2011,
  author = {Lin, Jinjie and Cohen-Or, Daniel and Zhang, Hao and Liang, Cheng
	and Sharf, Andrei and Deussen, Oliver and Chen, Baoquan},
  title = {Structure-preserving retargeting of irregular 3D architecture},
  booktitle = {SIGGRAPH Asia},
  year = {2011}
}

@INPROCEEDINGS{coco:eccv,
  author = {Lin, Tsung-Yi and Maire, Michael and Belongie, Serge and Hays, James
	and Perona, Pietro and Ramanan, Deva and Dollár, Piotr and Zitnick,
	C.Lawrence},
  title = {Microsoft COCO: Common Objects in Context},
  booktitle = {ECCV},
  year = {2014}
}

@INPROCEEDINGS{Liu07,
  author = {David Liu and Tsuhan Chen},
  title = {Unsupervised Image Categorization and Object Localization using Topic
	Models and Correspondences between Images},
  booktitle = iccv,
  year = {2007},
  pages = {1-7}
}

@ARTICLE{Liu_Chen_2007,
  author = {Liu, David and Chen, Tsuhan},
  title = {A Topic-Motion Model for Unsupervised Video Object Discovery},
  journal = {2007 IEEE Conference on Computer Vision and Pattern Recognition},
  year = {2007},
  pages = {1--8},
  publisher = {Ieee},
  url = {http://ieeexplore.ieee.org/lpdocs/epic03/wrapper.htm?arnumber=4270245}
}

@INPROCEEDINGS{Liu_TopicModel,
  author = {David Liu and Tsuhan Chen},
  title = {Unsupervised Image Categorization and Object Localization using Topic
	Models and Correspondences between Images},
  booktitle = iccv,
  year = {2007},
  pages = {1-7}
}

@ARTICLE{Liu:texture:96,
  author = {Fang Liu and Picard, R.W.},
  title = {Periodicity, directionality, and randomness: Wold features for image
	modeling and retrieval},
  journal = {PAMI},
  year = {1996},
  volume = {18},
  pages = {722-733},
  number = {7}
}

@INPROCEEDINGS{sorted:texture,
  author = {Li Liu and Fieguth, P. and Gangyao Kuang and Hongbin Zha},
  title = {Sorted Random Projections for robust texture classification},
  booktitle = {ICCV},
  year = {2011}
}

@INPROCEEDINGS{icml10:large:graph:ssl,
  author = {Liu, Wei and He, Junfeng and Chang, Shih-Fu},
  title = {Large graph construction for scalable semi-supervised learning},
  booktitle = {Proceedings of the 27th International Conference on Machine Learning
	(ICML-10)},
  year = {2010},
  pages = {679--686}
}

@INPROCEEDINGS{xiaobai09,
  author = {Xiaobai Liu and Bin Cheng and Shuicheng Yan and Jinhui Tang and Tat-Seng
	Chua and Hai Jin},
  title = {Label to region by bi-layer sparsity priors.},
  booktitle = {ACM Multimedia},
  year = {2009}
}

@INPROCEEDINGS{Liu:2004:NTA,
  author = {Liu, Yanxi and Lin, Wen-Chieh and Hays, James},
  title = {Near-regular texture analysis and manipulation},
  booktitle = {SIGGRAPH},
  year = {2004}
}

@ARTICLE{liu:ijcv:05,
  author = {Liu, Yanxi and Tsin, Yanghai and Lin, Wen-Chieh},
  title = {The Promise and Perils of Near-Regular Texture},
  journal = {IJCV},
  year = {2005},
  volume = {62},
  pages = {145-159},
  number = {1-2}
}

@ARTICLE{lockerman2013arxiv,
  author = {Lockerman, Y. D. and Xue, S. and Julie Dorsey and Holly Rushmeier},
  title = {Creating Texture Exemplars from Unconstrained Images},
  journal = {Tech. Report},
  year = {2013},
  number = {TR1483},
  month = {October}
}

@INPROCEEDINGS{Long_2015_CVPR,
  author = {Long, Jonathan and Shelhamer, Evan and Darrell, Trevor},
  title = {Fully Convolutional Networks for Semantic Segmentation},
  booktitle = {CVPR},
  year = {2015}
}

@ARTICLE{Lous1990,
  author = {Y. Le Lous},
  title = {Report on the {F}irst {E}urographics {W}orkshop on {V}isualization
	in{S}cientific {C}omputing},
  journal = cgforum,
  year = {1990},
  volume = {9},
  pages = {371-372},
  number = {4},
  month = dec,
  doi = {10.1111/j.1467-8659.1990.tb00430.x}
}

@ARTICLE{Lous90,
  author = {Y. Le Lous},
  title = {Report on the {F}irst {E}urographics {W}orkshop on {V}isualization
	in{S}cientific {C}omputing},
  journal = cgforum,
  year = {1990},
  volume = {9},
  pages = {371-372},
  number = {4},
  month = dec,
  doi = {10.1111/j.1467-8659.1990.tb00430.x}
}

@ARTICLE{Lowe_SIFT,
  author = {Lowe, David G.},
  title = {Distinctive Image Features from Scale-Invariant Keypoints},
  journal = {IJCV},
  year = {2004},
  volume = {60},
  pages = {91--110},
  number = {2}
}

@ARTICLE{sift,
  author = {Lowe, David G.},
  title = {Distinctive Image Features from Scale-Invariant Keypoints},
  journal = {IJCV},
  year = {2004},
  volume = {60},
  pages = {91--110},
  number = {2},
  month = {Nov.,},
  booktitle = {International Journal of Computer Vision}
}

@ARTICLE{dominant:texture:09,
  author = {Jianye Lu and Julie Dorsey and Holly E. Rushmeier},
  title = {Dominant Texture and Diffusion Distance Manifolds},
  journal = {Comput. Graph. Forum},
  year = {2009},
  volume = {28},
  pages = {667-676},
  number = {2}
}

@BOOK{Luke2009Metaheuristics,
  title = { Essentials of Metaheuristics },
  year = { 2009 },
  author = { Sean Luke }
}

@INCOLLECTION{image:quality,
  author = {Luo, Yiwen and Tang, Xiaoou},
  title = {Photo and Video Quality Evaluation: Focusing on the Subject},
  booktitle = {ECCV},
  year = {2008}
}

@MISC{bworld,
  author = {Ingo Ltkebohle},
  title = {{BWorld Robot Control Software}},
  howpublished = {\url{http://aiweb.techfak.uni-bielefeld.de/content/bworld-robot-control-software/}},
  year = {2008},
  note = {[Online; accessed 19-July-2008]}
}

@INPROCEEDINGS{MÃŒller_2006,
  author = {Pascal M\"uller and Peter Wonka and Simon Haegler and Andreas Ulmer
	and Luc {Van Gool}},
  title = {Procedural Modeling of Buildings},
  booktitle = {SIGGRAPH},
  year = {2006}
}

@INPROCEEDINGS{MÃŒller:SIGGRAPH:2007,
  author = {P. M\"uller and G. Zeng and P. Wonka and L. Van Gool},
  title = {Image-based procedural modeling of facades},
  booktitle = {SIGGRAPH},
  year = {2007}
}

@INPROCEEDINGS{Ma:2011,
  author = {Ma, Chongyang and Wei, Li-Yi and Tong, Xin},
  title = {Discrete element textures},
  booktitle = {SIGGRAPH},
  year = {2011}
}

@ARTICLE{embedding:overview:09,
  author = {van der Maaten, Laurens JP and Postma, Eric O and van den Herik,
	H Jaap},
  title = {Dimensionality reduction: A comparative review},
  journal = {Tech. Rep., Tilburg Uni.},
  year = {2009}
}

@INPROCEEDINGS{ALStrongWeak,
  author = {Malag\'{o}, Luigi and Cesa-Bianchi, Nicol\'{o} and Renders, Jean-Michel
	},
  title = {Online Active Learning with Strong and Weak Annotators},
  booktitle = {Crowdsourcing and Machine Learning Workshop, NIPS},
  year = {2014}
}

@INPROCEEDINGS{exampleSVM,
  author = {Malisiewicz, T. and Gupta, A. and Efros, A.A.},
  title = {Ensemble of exemplar-SVMs for object detection and beyond},
  booktitle = {ICCV},
  year = {2011}
}

@ARTICLE{Manjunath96,
  author = {B. S. Manjunath and W.Y. Ma},
  title = {Texture features for browsing and retrieval of image data},
  journal = {PAMI},
  year = {1996},
  volume = {18},
  pages = {837--42},
  number = {8}
}

@INPROCEEDINGS{child:learning,
  author = {Mao, Junhua and Xu, Wei and Yang, Yi and Wang, Jiang and Huang, Zhiheng
	and Yuille, Alan},
  title = {Learning like a Child: Fast Novel Visual Concept Learning from Sentence
	Descriptions of Images},
  year = {2015},
  journal = {ICCV}
}

@INPROCEEDINGS{Martin-ICCV-2001,
  author = {D. Martin and C. Fowlkes and D. Tal and J. Malik},
  title = {A Database of Human Segmented Natural Images and its Application
	to Evaluating Segmentation Algorithms and Measuring Ecological Statistics},
  booktitle = {Proc. 8th Int'l Conf. Computer Vision},
  year = {2001},
  volume = {2},
  pages = {416--423},
  month = {July}
}

@INPROCEEDINGS{Martin2001,
  author = {D. Martin and C. Fowlkes and D. Tal and J. Malik},
  title = {A Database of Human Segmented Natural Images and its Application
	to Evaluating Segmentation Algorithms and Measuring Ecological Statistics},
  booktitle = {Proc. 8th Int'l Conf. Computer Vision},
  year = {2001},
  volume = {2},
  pages = {416--423},
  month = {July}
}

@INPROCEEDINGS{semantic:texture,
  author = {Matthews, Tim and Nixon, Mark S. and Niranjan, Mahesan},
  title = {Enriching Texture Analysis with Semantic Data},
  booktitle = {CVPR},
  year = {2013}
}

@INPROCEEDINGS{mlrank:10,
  author = {McFee, Brian and Lanckriet, Gert R},
  title = {Metric learning to rank},
  booktitle = {ICML},
  year = {2010}
}

@INPROCEEDINGS{Merrell:2008,
  author = {Merrell, Paul and Manocha, Dinesh},
  title = {Continuous model synthesis},
  booktitle = {SIGGRAPH Asia},
  year = {2008}
}

@INPROCEEDINGS{Michaeli-ICCV-2013,
  author = {Michaeli, Tomer and Irani, Michal},
  title = {Nonparametric Blind Super-resolution},
  booktitle = {Proceedings of the 2013 IEEE International Conference on Computer
	Vision},
  year = {2013},
  series = {ICCV '13},
  pages = {945--952},
  address = {Washington, DC, USA},
  publisher = {IEEE Computer Society},
  acmid = {2587207},
  doi = {10.1109/ICCV.2013.121},
  isbn = {978-1-4799-2840-8},
  numpages = {8},
  url = {http://dx.doi.org/10.1109/ICCV.2013.121}
}

@INPROCEEDINGS{Michaeli2013,
  author = {Michaeli, Tomer and Irani, Michal},
  title = {Nonparametric Blind Super-resolution},
  booktitle = {Proceedings of the 2013 IEEE International Conference on Computer
	Vision},
  year = {2013},
  series = {ICCV '13},
  pages = {945--952},
  address = {Washington, DC, USA},
  publisher = {IEEE Computer Society},
  acmid = {2587207},
  doi = {10.1109/ICCV.2013.121},
  isbn = {978-1-4799-2840-8},
  numpages = {8},
  url = {http://dx.doi.org/10.1109/ICCV.2013.121}
}

@INPROCEEDINGS{Scene-prior-segmentation,
  author = {Alastair P. Moore and Simon J. D. Prince and Jonathan Warrell and
	Umar Mohammed},
  title = {Scene Shape Priors for Superpixel Segmentation},
  booktitle = iccv,
  year = {2009}
}

@INPROCEEDINGS{zoomout:fet,
  author = {Mostajabi, Mohammadreza and Yadollahpour, Payman and Shakhnarovich,
	Gregory},
  title = {Feedforward Semantic Segmentation With Zoom-Out Features},
  booktitle = {CVPR},
  year = {2015}
}

@INPROCEEDINGS{pascal:context,
  author = {Roozbeh Mottaghi and Xianjie Chen and Xiaobai Liu and Nam-Gyu Cho
	and Seong-Whan Lee and Sanja Fidler and Raquel Urtasun and Alan Yuille},
  title = {The Role of Context for Object Detection and Semantic Segmentation
	in the Wild},
  booktitle = {CVPR},
  year = {2014}
}

@INPROCEEDINGS{Przemyslaw:Eurographics:2012,
  author = {P. Musialski and M. Wimmer, P. Wonka},
  title = {Interactive Coherence-Based Facade Modeling},
  booktitle = {Eurographics},
  year = {2012}
}

@ARTICLE{CGF13:UrbanReview,
  author = {Musialski, P. and Wonka, P. and Aliaga, D. G. and Wimmer, M. and
	Van Gool, L. and Purgathofer, W.},
  title = {A Survey of Urban Reconstruction},
  journal = {Computer Graphics Forum},
  year = {2013},
  volume = {32},
  pages = {146--177},
  number = {6}
}

@INPROCEEDINGS{SClustering_limitation_NIPS07,
  author = {Boaz Nadler and Meirav Galun},
  title = {Fundamental Limitations of Spectral Clustering},
  booktitle = {NIPS},
  year = {2007}
}

@INPROCEEDINGS{Nan:SIGGRAPH:2010,
  author = {L. Nan and A. Sharf and H. Zhang and D. Cohen-Or and B. Chen},
  title = {SmartBoxes for interactive urban reconstruction},
  booktitle = {ACM SIGGRAPH},
  year = {2010}
}

@ARTICLE{stage-model,
  author = {Nedovi\`c, V. and Smeulders, A.W.M. and Redert, A. and Geusebroek,
	J.-M.;},
  title = {Stages as Models of Scene Geometry},
  journal = {PAMI},
  year = {2010 },
  volume = {32},
  pages = {1673-1687},
  number = {9}
}

@INPROCEEDINGS{On-SClustering,
  author = {Ng, Andrew Y. and Jordan, Michael I. and Weiss, Yair},
  title = {On spectral clustering: Analysis and an algorithm},
  booktitle = {NIPS},
  year = {2001}
}

@ARTICLE{Ni-TIP-2007,
  author = {Ni, K.S. and Nguyen, T.Q.},
  title = {Image Superresolution Using Support Vector Regression},
  journal = {Image Processing, IEEE Transactions on},
  year = {2007},
  volume = {16},
  pages = {1596-1610},
  number = {6},
  month = {June},
  doi = {10.1109/TIP.2007.896644},
  issn = {1057-7149},
  keywords = {discrete cosine transforms;image resolution;quadratic programming;regression
	analysis;support vector machines;DCT;classification techniques;convex
	optimization problem;discrete cosine transform;image superresolution
	problem;isolated image content;kernel learning problem;kernel resolution
	synthesis;quadratically constrained quadratic programming problem;semi-definite
	programming problem;support vector regression;Discrete cosine transforms;Engineering
	drawings;Extrapolation;Humans;Image resolution;Information filtering;Information
	filters;Kernel;Machine learning;Quadratic programming;Kernel matrix;nonlinear
	regression;resolution synthesis;superresolution;support vector regression
	(SVR);Algorithms;Artificial Intelligence;Data Interpretation, Statistical;Image
	Enhancement;Image Interpretation, Computer-Assisted;Imaging, Three-Dimensional;Pattern
	Recognition, Automated;Regression Analysis;Reproducibility of Results;Sensitivity
	and Specificity}
}

@ARTICLE{Ni-TIP-2007,
  author = {Ni, K.S. and Nguyen, T.Q.},
  title = {Image Superresolution Using Support Vector Regression},
  journal = {Image Processing, IEEE Transactions on},
  year = {2007},
  volume = {16},
  pages = {1596-1610},
  number = {6},
  month = {June},
  doi = {10.1109/TIP.2007.896644},
  issn = {1057-7149},
  keywords = {discrete cosine transforms;image resolution;quadratic programming;regression
	analysis;support vector machines;DCT;classification techniques;convex
	optimization problem;discrete cosine transform;image superresolution
	problem;isolated image content;kernel learning problem;kernel resolution
	synthesis;quadratically constrained quadratic programming problem;semi-definite
	programming problem;support vector regression;Discrete cosine transforms;Engineering
	drawings;Extrapolation;Humans;Image resolution;Information filtering;Information
	filters;Kernel;Machine learning;Quadratic programming;Kernel matrix;nonlinear
	regression;resolution synthesis;superresolution;support vector regression
	(SVR);Algorithms;Artificial Intelligence;Data Interpretation, Statistical;Image
	Enhancement;Image Interpretation, Computer-Assisted;Imaging, Three-Dimensional;Pattern
	Recognition, Automated;Regression Analysis;Reproducibility of Results;Sensitivity
	and Specificity}
}

@INPROCEEDINGS{ukbench:cvpr06,
  author = {D. Nist\'er and H. Stew\'enius},
  title = {Scalable Recognition with a Vocabulary Tree},
  booktitle = {CVPR},
  year = {2006}
}

@INPROCEEDINGS{mlhashing:icml11,
  author = {Norouzi, Mohammad and Blei, David M},
  title = {Minimal loss hashing for compact binary codes},
  booktitle = {ICML},
  year = {2011}
}

@ARTICLE{lbp,
  author = {Ojala, T. and Pietikainen, M. and Maenpaa, T.},
  title = {Multiresolution gray-scale and rotation invariant texture classification
	with local binary patterns},
  journal = {TPAMI},
  year = {2002},
  volume = {24},
  pages = {971-987},
  number = {7}
}

@ARTICLE{gist,
  author = {Oliva, Aude and Torralba, Antonio},
  title = {Modeling the Shape of the Scene: A Holistic Representation of the
	Spatial Envelope},
  journal = {IJCV},
  year = {2001},
  volume = {42},
  pages = {145-175},
  number = {3}
}

@ARTICLE{human97,
  author = {Olshausen, Bruno A. and Field, David J.},
  title = {Sparse coding with an overcomplete basis set: A strategy employed
	by V1?.},
  journal = {Vision Research},
  year = {1997},
  volume = {37},
  pages = {3311--3325},
  number = {23},
  month = {December}
}

@ARTICLE{vanOuwerkerk-IVC-2006,
  author = {J.D. van Ouwerkerk},
  title = {Image super-resolution survey},
  journal = {Image and Vision Computing},
  year = {2006},
  volume = {24},
  pages = {1039 - 1052},
  number = {10},
  keywords = {Super-resolution}
}

@ARTICLE{vanOuwerkerk-IVC-2006,
  author = {J.D. van Ouwerkerk},
  title = {Image super-resolution survey},
  journal = {Image and Vision Computing},
  year = {2006},
  volume = {24},
  pages = {1039 - 1052},
  number = {10},
  keywords = {Super-resolution}
}

@INPROCEEDINGS{Configuration1997,
  author = {P. Lipson, and E. Grimson, and P. Sinha},
  title = {Configuration Based Scene Classification and Image Indexing},
  booktitle = cvpr,
  year = {1997}
}

@ARTICLE{noncausal:tip98,
  author = {Paget, Rupert and Longstaff, I.D.},
  title = {Texture synthesis via a noncausal nonparametric multiscale Markov
	random field},
  journal = {{IEEE} Trans. Image Process},
  year = {1998},
  volume = {7},
  pages = {925-931},
  number = {6}
}

@ARTICLE{paget:tip98,
  author = {Paget, Rupert and Longstaff, I.D.},
  title = {Texture synthesis via a noncausal nonparametric multiscale Markov
	random field},
  journal = {IEEE Trans. Image Processing},
  year = {1998},
  volume = {7},
  pages = {925-931},
  number = {6}
}

@ARTICLE{tl:survey,
  author = {Pan, Sinno Jialin and Yang, Qiang},
  title = {A Survey on Transfer Learning},
  journal = {IEEE Trans. on Knowl. and Data Eng.},
  year = {2010},
  volume = {22},
  pages = {1345--1359},
  number = {10}
}

@INPROCEEDINGS{detect:eyetr,
  author = {Papadopoulos, DimP. and Clarke, AlasdairD.F. and Keller, Frank and
	Ferrari, Vittorio},
  title = {Training Object Class Detectors from Eye Tracking Data},
  booktitle = {ECCV},
  year = {2014}
}

@INPROCEEDINGS{cnn:em,
  author = {Papandreou, George and Chen, Liang-Chieh and Murphy, Kevin and Yuille,
	Alan L.},
  title = {Weakly- and Semi-Supervised Learning of a Deep Convolutional Network
	for Semantic Image Segmentation },
  booktitle = {ICCV},
  year = {2015}
}

@ARTICLE{Park:2006:DSI,
  author = {S. W. Park and L. Linsen and O. Kreylos and J. D. Owens and B. Hamann},
  title = {Discrete Sibson interpolation},
  journal = {IEEE Transactions on Visualization and Computer Graphics},
  year = {2006},
  volume = {12},
  pages = {243--253},
  number = {2},
  month = mar # {\slash } # apr
}

@BOOK{parke:1996:CFA,
  title = {Computer Facial Animation},
  publisher = {A. K. Peters},
  year = {1996},
  author = {Frederic I. Parke and Keith Waters}
}

@INPROCEEDINGS{ConsCNN,
  author = {Pathak, Deepak and Kr\"{a}henb\"{u}hl, Philipp and Darrell, Trevor},
  title = {Constrained Convolutional Neural Networks for Weakly Supervised Segmentation},
  booktitle = {ICCV},
  year = {2015}
}

@INPROCEEDINGS{cnn:mil,
  author = {Pathak, Deepak and Shelhamer, Evan and Long, Jonathan and Darrell,
	Trevor},
  title = {Fully Convolutional Multi-Class Multiple Instance Learning},
  booktitle = {ICLR},
  year = {2015}
}

@ARTICLE{Pavic06,
  author = {Pavi\`{c}, Darko and Sch\"{o}nefeld, Volker and Kobbelt, Leif},
  title = {Interactive image completion with perspective correction},
  journal = {Vis. Comput.},
  year = {2006},
  volume = {22},
  number = {9}
}

@ARTICLE{Pellacini:2005:LAH,
  author = {Fabio Pellacini and Kiril Vidim{\v{c}}e and Aaron Lefohn and Alex
	Mohr and Mark Leone and John Warren},
  title = {Lpics: a Hybrid Hardware-Accelerated Relighting Engine for Computer
	Cinematography},
  journal = {ACM Transactions on Graphics},
  year = {2005},
  volume = {24},
  pages = {464--470},
  number = {3},
  month = aug
}

@INCOLLECTION{fisher:eccv10,
  author = {Perronnin, Florent and Sánchez, Jorge and Mensink, Thomas},
  title = {Improving the Fisher Kernel for Large-Scale Image Classification},
  booktitle = {ECCV},
  year = {2010}
}

@INPROCEEDINGS{img:pix:cnn,
  author = {P. H. O. Pinheiro and R. Collobert},
  title = {From Image-level to Pixel-level Labeling with Convolutional Networks},
  booktitle = {CVPR},
  year = {2015}
}

@ARTICLE{Portilla:2000:IJCV,
  author = {Portilla, Javier and Simoncelli, Eero P.},
  title = {A Parametric Texture Model Based on Joint Statistics of Complex Wavelet
	Coefficients},
  journal = {IJCV},
  year = {2000},
  volume = {40},
  pages = {49--70},
  number = {1}
}

@ARTICLE{Prest11,
  author = {A. Prest and C. Schmid and and V. Ferrari},
  title = {Weakly supervised learning of interactions between humans and objects},
  journal = pami,
  year = {2011},
  month = {July},
  note = {in press},
  keywords = {Action Recognition, Weakly Supervised Learning, Object Detection}
}

@INPROCEEDINGS{qin:bmvc14,
  author = {Qin, Danfeng and Chen, Yuhua and Guillaumin, Matthieu and Van Gool,
	Luc},
  title = {Learning to Rank Bag-of-Word Histograms for Large-scale Object Retrieval},
  booktitle = {BMVC},
  year = {2014}
}

@INPROCEEDINGS{Qin:hello:2010,
  author = {Danfeng Qin and Stephan Gammeter and Lukas Bossard and Till Quack
	and Luc J. Van Gool},
  title = {Hello neighbor: Accurate object retrieval with k-reciprocal nearest
	neighbors.},
  booktitle = {CVPR},
  year = {2011}
}

@INPROCEEDINGS{Indoor,
  author = {Ariadna Quattoni and Antonio Torralba},
  title = {Recognizing Indoor Scenes},
  booktitle = {CVPR},
  year = {2009}
}

@INPROCEEDINGS{Recky:facadeseg:2011,
  author = {Michal Recky and Andreas Wendel and Franz Leberl},
  title = {Fa\c{c}ade Segmentation in a Multi-view Scenario.},
  booktitle = {3DIMPVT},
  year = {2011},
  pages = {358-365}
}

@INCOLLECTION{wheretoclassify,
  author = {Riemenschneider, Hayko and B{\'o}dis-Szomor{\'u}, Andr{\'a}s and
	Weissenberg, Julien and Van Gool, Luc},
  title = {Learning Where To Classify In Multi-View Semantic Segmentation},
  booktitle = {ECCV},
  year = {2014}
}

@INPROCEEDINGS{hayko:eccv2010,
  author = {Riemenschneider, Hayko and Donoser, Michael and Bischof, Horst},
  title = {Using partial edge contour matches for efficient object category
	localization},
  booktitle = {ECCV},
  year = {2010}
}

@INPROCEEDINGS{Riemenschneider:cvpr12,
  author = {H. Riemenschneider and U. Krispel and W. Thaller and M. Donoser and
	S. Havemann and D. Fellner and H. Bischof},
  title = {Irregular lattices for complex shape grammar facade parsing},
  booktitle = {CVPR},
  year = {2012}
}

@ARTICLE{Ripperda:2008,
  author = {N. Ripperda},
  title = {Grammar Based Facade Reconstruction using rjMCMC},
  journal = {Photogrammetrie Fernerkundung GeoInformation},
  year = {2008},
  volume = {2},
  pages = {83--92},
  number = {1972}
}

@INPROCEEDINGS{Rogowitz98perceptualimage,
  author = {Bernice E. Rogowitz and Thomas Frese and Johnr. Smith and Charles
	A. Bouman and Edward Kalin},
  title = {Perceptual image similarity experiments},
  booktitle = {SPIE Conference on Human Vision and Electronic Imaging},
  year = {1998},
  pages = {576--590}
}

@INPROCEEDINGS{dataset:movie,
  author = {Rohrbach, Anna and Rohrbach, Marcus and Tandon, Niket and Schiele,
	Bernt},
  title = {A Dataset for Movie Description},
  booktitle = {CVPR},
  year = {2015}
}

@ARTICLE{rother:sig04,
  author = {Carsten Rother and Vladimir Kolmogorov and Andrew Blake},
  title = {"GrabCut": interactive foreground extraction using iterated graph
	cuts},
  journal = {ACM Trans. Graph.},
  year = {2004},
  volume = {23},
  pages = {309-314},
  number = {3},
  bibsource = {DBLP, http://dblp.uni-trier.de},
  ee = {http://doi.acm.org/10.1145/1015706.1015720}
}

@INPROCEEDINGS{Roweis-ICCV-2001,
  author = {Sam Roweis and Saul, Lawrence},
  title = {Nonlinear dimensionality reduction by locally linear embedding},
  booktitle = {ICCV},
  year = {2001},
  annote = {LLE algorithm}
}

@INPROCEEDINGS{Roweis-ICCV-2001,
  author = {Sam Roweis and Saul, Lawrence},
  title = {Nonlinear dimensionality reduction by locally linear embedding},
  booktitle = {ICCV},
  year = {2001},
  annote = {LLE algorithm}
}

@ARTICLE{LLE:science00,
  author = {Roweis, Sam T and Saul, Lawrence K},
  title = {Nonlinear dimensionality reduction by locally linear embedding},
  journal = {Science},
  year = {2000},
  volume = {290},
  pages = {2323--2326},
  number = {5500}
}

@ARTICLE{lle:science:00,
  author = {Roweis, Sam T. and Saul, Lawrence K.},
  title = {Nonlinear Dimensionality Reduction by Locally Linear Embedding},
  journal = {Science},
  year = {2000},
  volume = {290},
  pages = {2323-2326},
  number = {5500}
}

@ARTICLE{imageNet:challenge,
  author = {Russakovsky, Olga and Deng, Jia and Su, Hao and Krause, Jonathan
	and Satheesh, Sanjeev and Ma, Sean and Huang, Zhiheng and Karpathy,
	Andrej and Khosla, Aditya and Bernstein, Michael and Berg, AlexanderC.
	and Fei-Fei, Li},
  title = {ImageNet Large Scale Visual Recognition Challenge},
  journal = {IJCV},
  year = {2015},
  pages = {1-42}
}

@INPROCEEDINGS{best:two:world,
  author = {Olga Russakovsky and Li-Jia Li and Li Fei-Fei},
  title = {Best of both worlds: human-machine collaboration for object annotation},
  booktitle = {CVPR},
  year = {2015}
}

@INPROCEEDINGS{Russell06,
  author = {Russell, B.~C. and Efros, A.~A. and Sivic, J. and Freeman, W.~T.
	and Zisserman, A.},
  title = {Using Multiple Segmentations to Discover Objects and Their Extent
	in Image Collections},
  booktitle = cvpr,
  year = {2006}
}

@ARTICLE{label:me,
  author = {Russell, Bryan C. and Torralba, Antonio and Murphy, Kevin P. and
	Freeman, William T.},
  title = {LabelMe: A Database and Web-Based Tool for Image Annotation},
  journal = {IJCV},
  year = {2008},
  volume = {77},
  pages = {157--173},
  number = {1-3}
}

@INPROCEEDINGS{Amir_boosting,
  author = {A. Saffari and H. Bischof},
  title = {Clustering in a Boosting Framework},
  booktitle = {Proc. of Computer Vision Winter Workshop},
  year = {2007}
}

@ARTICLE{SR:review,
  author = {Saini, Preeti and Kaur, Parneet},
  title = {Automatic Speech Recognition: A Review},
  journal = {IJETT},
  year = {2013}
}

@ARTICLE{sako:2001:SSB,
  author = {Yusaku Sako and Kikuo Fujimura},
  title = {Shape Similarity by Homotropic Deformation},
  journal = {The Visual Computer},
  year = {2000},
  volume = {16},
  pages = {47--61},
  number = {1},
  publisher = {Springer-Verlag}
}

@ARTICLE{sammon:mapping,
  author = {Sammon, J.W.},
  title = {A Nonlinear Mapping for Data Structure Analysis},
  journal = {Comput., IEEE Trans. on},
  year = {1969},
  volume = {C-18},
  pages = {401-409},
  number = {5}
}

@ARTICLE{boosting_overview_2003,
  author = {Schapire, Robert E},
  title = {The Boosting Approach to Machine Learning An Overview},
  journal = {MSRI Workshop on Nonlinear Estimation and Classification},
  year = {2003},
  pages = {1--23},
  publisher = {Springer}
}

@INPROCEEDINGS{Schmid01,
  author = {Schmid, C.},
  title = {Constructing models for content-based image retrieval},
  booktitle = {CVPR},
  year = {2001}
}

@INPROCEEDINGS{Schweighofer04a,
  author = {G. Schweighofer and A. Opelt and A. Pinz},
  title = {Improved object categorization by unsupervised object localization},
  booktitle = {Proc. Int. Workshop on Learning for Adaptable Visual Systems LAVS'04},
  year = {2004},
  month = {August},
  email = {mailto:publications@emt.tugraz.at?subject=Paper request schweighofer2004a}
}

@ARTICLE{Seidel1993,
  author = {Seidel, Hans-Peter},
  title = {Polar Forms for Geometrically Continuous Spline Curves ofArbitrary
	Degree},
  journal = tog,
  year = {1993},
  volume = {12},
  pages = {1-34},
  number = {1},
  month = Jan,
  doi = {10.1145/169728.169726}
}

@ARTICLE{Seidel93,
  author = {Seidel, Hans-Peter},
  title = {Polar Forms for Geometrically Continuous Spline Curves ofArbitrary
	Degree},
  journal = tog,
  year = {1993},
  volume = {12},
  pages = {1-34},
  number = {1},
  month = Jan,
  doi = {10.1145/169728.169726}
}

@TECHREPORT{ALSurvey,
  author = {Burr Settles},
  title = {Active learning literature survey},
  institution = {University of Wisconsin–Madison},
  year = {2010}
}

@ARTICLE{material:ijcv13,
  author = {Sharan, Lavanya and Liu, Ce and Rosenholtz, Ruth and Adelson, EdwardH.},
  title = {Recognizing Materials Using Perceptually Inspired Features},
  journal = {IJCV},
  year = {2013},
  volume = {103},
  pages = {348-371},
  number = {3}
}

@ARTICLE{flickr:material,
  author = {Sharan, Lavanya and Rosenholtz, Ruth and Adelson, Edward},
  title = {Material perception: What can you see in a brief glance?},
  journal = {Journal of Vision},
  year = {2009},
  volume = {9},
  pages = {784--784},
  number = {8}
}

@INPROCEEDINGS{self:similarity,
  author = {Shechtman, E. and Irani, M.},
  title = {Matching Local Self-Similarities across Images and Videos},
  booktitle = {CVPR},
  year = {2007}
}

@INPROCEEDINGS{Shen:SigAsia:2011,
  author = {Shen, Chao-Hui and Huang, Shi-Sheng and Fu, Hongbo and Hu, Shi-Min},
  title = {Adaptive Partitioning of Urban Facades},
  booktitle = {SIGGRAPH Asia},
  year = {2011}
}

@ARTICLE{Malik_2000,
  author = {Jianbo Shi and Jitendra Malik},
  title = {Normalized cuts and image segmentation},
  journal = {TPAMI},
  year = {2000}
}

@ARTICLE{Shi:PAMI:2000,
  author = {Jianbo Shi and Jitendra Malik},
  title = {Normalized Cuts and Image Segmentation},
  journal = {PAMI},
  year = {2000},
  volume = {22},
  pages = {888--905}
}

@INPROCEEDINGS{Shotton:cvpr08,
  author = {Shotton, J. and Johnson, M. and Cipolla, R.},
  title = {Semantic texton forests for image categorization and segmentation},
  booktitle = {CVPR},
  year = {2008}
}

@INPROCEEDINGS{Shotton:semantictexton:2008,
  author = {Jamie Shotton and Matthew Johnson and Roberto Cipolla},
  title = {Semantic Texton Forests for Image Categorization and Segmentation},
  booktitle = {CVPR},
  year = {2008}
}

@ARTICLE{texton:boost,
  author = {Jamie Shotton and John Winn and Carsten Rother and Antonio Criminisi},
  title = {TextonBoost for Image Understanding: Multi-Class Object Recognition
	and Segmentation by Jointly Modeling Texture, Layout, and Context},
  journal = {IJCV},
  year = {2009}
}

@INPROCEEDINGS{Shotton:2006:ECCV,
  author = {J. Shotton and J. Winn and C. Rother and A. Criminisi},
  title = {Textonboost: Joint appearance, shape and context modeling for multi-class
	object recognition and segmentation},
  booktitle = {ECCV},
  year = {2006}
}

@INPROCEEDINGS{texton-forests,
  author = {Shotton, J.; Johnson, M.; Cipolla, R.; R\&D Center, Toshiba Corp.,
	Kawasaki},
  title = {Semantic texton forests for image categorization and segmentation},
  booktitle = cvpr,
  year = {2008}
}

@INPROCEEDINGS{ZZSi_UID,
  author = {Zhangzhang Si and Haifeng Gong and Ying Nian Wu and Song-Chun Zhu},
  title = {Learning mixed image templates for object recognition},
  booktitle = cvpr,
  year = {2009}
}

@INPROCEEDINGS{Sidi:2011:siga,
  author = {Sidi, Oana and van Kaick, Oliver and Kleiman, Yanir and Zhang, Hao
	and Cohen-Or, Daniel},
  title = {Unsupervised co-segmentation of a set of shapes via descriptor-space
	spectral clustering},
  booktitle = {Proceedings of the 2011 SIGGRAPH Asia Conference},
  year = {2011},
  pages = {126:1--126:10},
  address = {New York, NY, USA},
  publisher = {ACM},
  acmid = {2024160},
  articleno = {126},
  doi = {10.1145/2024156.2024160},
  isbn = {978-1-4503-0807-6},
  keywords = {co-segmentation, diffusion maps, shape correspondence, spectral clustering},
  location = {Hong Kong, China},
  numpages = {10},
  url = {http://doi.acm.org/10.1145/2024156.2024160}
}

@INPROCEEDINGS{NYU,
  author = {Silberman, Nathan and Hoiem, Derek and Kohli, Pushmeet and Fergus,
	Rob},
  title = {Indoor Segmentation and Support Inference from RGBD Images},
  booktitle = {ECCV},
  year = {2012}
}

@INPROCEEDINGS{Simon_SceneSummarization,
  author = {Ian Simon and Noah Snavely and Steven M. Seitz},
  title = {Scene Summarization for Online Image Collections},
  booktitle = iccv,
  year = {2007},
  pages = {1-8}
}

@ARTICLE{fetlearn:convex:pami14,
  author = {Simonyan, K. and Vedaldi, A. and Zisserman, A.},
  title = {Learning Local Feature Descriptors Using Convex Optimisation},
  journal = {TPAMI},
  year = {2014},
  volume = {36},
  pages = {1573-1585},
  number = {8}
}

@INPROCEEDINGS{Simonyan2015,
  author = {Simonyan, K. and Zisserman, A.},
  title = {Very Deep Convolutional Networks for Large-Scale Image Recognition},
  booktitle = {ICLR},
  year = {2015}
}

@INPROCEEDINGS{vgg16,
  author = {Simonyan, K. and Zisserman, A.},
  title = {Very Deep Convolutional Networks for Large-Scale Image Recognition},
  booktitle = {ICLR},
  year = {2015}
}

@INPROCEEDINGS{Singh2012,
  author = {Saurabh Singh and Abhinav Gupta and Alexei A. Efros},
  title = {Unsupervised Discovery of Mid-level Discriminative Patches},
  booktitle = {ECCV},
  year = {2012},
  archiveprefix = {arXiv},
  eprint = {1205.3137},
  primaryclass = {cs.CV},
  url = {http://arxiv.org/abs/1205.3137}
}

@INPROCEEDINGS{Singh2012a,
  author = {Saurabh Singh and Abhinav Gupta and Alexei A. Efros},
  title = {Unsupervised Discovery of Mid-Level Discriminative Patches},
  booktitle = {ECCV},
  year = {2012}
}

@INPROCEEDINGS{Singh:eccv12,
  author = {Saurabh Singh and Abhinav Gupta and Alexei A. Efros},
  title = {Unsupervised Discovery of Mid-Level Discriminative Patches},
  booktitle = {ECCV},
  year = {2012}
}

@INPROCEEDINGS{Sivic05b,
  author = {Sivic, J. and Russell, B.~C. and Efros, A.~A. and Zisserman, A. and
	Freeman, W.~T.},
  title = {Discovering objects and their location in images},
  booktitle = {ICCV},
  year = {2005}
}

@INPROCEEDINGS{Sivic_DiscoverObj,
  author = {Sivic, J. and Russell, B.~C. and Efros, A.~A. and Zisserman, A. and
	Freeman, W.~T.},
  title = {Discovering Object Categories in Image Collections},
  booktitle = iccv,
  year = {2005}
}

@INPROCEEDINGS{Sivic08,
  author = {Sivic, J. and Russell, B.~C. and Zisserman, A. and Freeman, W.~T.
	and Efros, A.~A.},
  title = {Unsupervised Discovery of Visual Object Class Hierarchies},
  booktitle = cvpr,
  year = {2008}
}

@INPROCEEDINGS{Socher:RNN:2011,
  author = {Richard Socher and Cliff C. Lin and Andrew Y. Ng and Christopher
	D. Manning},
  title = {{Parsing Natural Scenes and Natural Language with Recursive Neural
	Networks}},
  booktitle = {ICML},
  year = {2011}
}

@ARTICLE{show:tell,
  author = {Srihari, R.K. and Zhang, Zhongfei},
  title = {Show\&Tell: a semi-automated image annotation system},
  journal = {MultiMedia, IEEE},
  year = {2000},
  volume = {7},
  pages = {61-71},
  number = {3}
}

@ARTICLE{Cluster_ensembles,
  author = {Strehl, A and Ghosh, J},
  title = {Cluster ensembles---a knowledge reuse framework for combining multiple
	partitions},
  journal = {JMLR},
  year = {2003}
}

@ARTICLE{Sudderth_Torralba_Freeman_Willsky_2007,
  author = {Sudderth, Erik B and Torralba, Antonio and Freeman, William T and
	Willsky, Alan S},
  title = {Describing Visual Scenes Using Transformed Objects and Parts},
  journal = {International Journal of Computer Vision},
  year = {2007},
  volume = {77},
  pages = {291--330},
  number = {1-3},
  publisher = {Kluwer Academic Publishers},
  url = {http://www.springerlink.com/index/10.1007/s11263-007-0069-5}
}

@INPROCEEDINGS{Sun2008,
  author = {Jian Sun and Zongben Xu and Heung-Yeung Shum},
  title = {Image super-resolution using gradient profile prior},
  booktitle = {CVPR},
  year = {2008}
}

@INPROCEEDINGS{Sun2008b,
  author = {Jian Sun and Zongben Xu and Heung-Yeung Shum},
  title = {Image super-resolution using gradient profile prior},
  booktitle = {CVPR},
  year = {2008}
}

@INPROCEEDINGS{Sun05,
  author = {Sun, Jian and Yuan, Lu and Jia, Jiaya and Shum, Heung-Yeung},
  title = {Image completion with structure propagation},
  booktitle = {SIGGRAPH},
  year = {2005}
}

@INPROCEEDINGS{Szummer:CRFlearning:2008,
  author = {Martin Szummer and Pushmeet Kohli and Derek Hoiem},
  title = {Learning CRFs Using Graph Cuts.},
  booktitle = {ECCV},
  year = {2008}
}

@INPROCEEDINGS{in-outdoorimage,
  author = {Martin Szummer and Rosalind W. Picard},
  title = {Indoor-Outdoor Image Classification},
  booktitle = iccv,
  year = {1998}
}

@INPROCEEDINGS{Talton:2012,
  author = {Talton, Jerry and Yang, Lingfeng and Kumar, Ranjitha and Lim, Maxine
	and Goodman, Noah and M\v{e}ch, Radom\'{\i}r},
  title = {Learning design patterns with bayesian grammar induction},
  booktitle = {UIST},
  year = {2012}
}

@INPROCEEDINGS{blind:quality:cvpr11,
  author = {Huixuan Tang and Joshi, N. and Kapoor, A.},
  title = {Learning a blind measure of perceptual image quality},
  booktitle = {CVPR},
  year = {2011}
}

@INPROCEEDINGS{Tang_NonnegativeMatrix,
  author = {Tang, Jiayu and Lewis, Paul H.},
  title = {Non-negative matrix factorisation for object class discovery and
	image auto-annotation},
  booktitle = {CIVR},
  year = {2008},
  pages = {105--112}
}

@INPROCEEDINGS{Tappen-WSCTV-2003,
  author = {Marshall F. Tappen and Bryan C. Russell and William T. Freeman},
  title = {Exploiting the Sparse Derivative Prior for Super-Resolution and Image
	Demosaicing},
  booktitle = {In IEEE Workshop on Statistical and Computational Theories of Vision},
  year = {2003}
}

@INPROCEEDINGS{Tappen-WSCTV-2003,
  author = {Marshall F. Tappen and Bryan C. Russell and William T. Freeman},
  title = {Exploiting the Sparse Derivative Prior for Super-Resolution and Image
	Demosaicing},
  booktitle = {In IEEE Workshop on Statistical and Computational Theories of Vision},
  year = {2003}
}

@PHDTHESIS{Teboul2011,
  author = {Olivier Teboul},
  title = {Shape Grammar Parsing: Application to Image-based Modeling},
  school = {Ecole Centrale Paris},
  year = {2011}
}

@PHDTHESIS{Teboul:thesis:2011,
  author = {Olivier Teboul},
  title = {Shape Grammar Parsing: Application to Image-based Modeling},
  school = {Ecole Centrale Paris},
  year = {2011},
  owner = {daid},
  timestamp = {2012.02.22}
}

@INPROCEEDINGS{Teboul:CVPR:2011,
  author = {O. Teboul and I. Kokkinos and P. Koutsourakis and N. Paragios},
  title = {Shape Grammar Parsing via Reinforcement Learning},
  booktitle = {CVPR},
  year = {2011}
}

@INPROCEEDINGS{Teboul:CVPR:2010,
  author = {O. Teboul and L. Simon and P. Koutsourakis and N. Paragios},
  title = {Segmentation of Building Facades Using Procedural Shape Priors},
  booktitle = {CVPR},
  year = {2010}
}

@ARTICLE{isomap:00,
  author = {Tenenbaum, Joshua B. and de Silva, Vin and Langford, John C.},
  title = {A Global Geometric Framework for Nonlinear Dimensionality Reduction},
  journal = {Science},
  year = {2000},
  volume = {290},
  pages = {2319--2323},
  number = {5500}
}

@INPROCEEDINGS{fgm:coling14,
  author = {Jesse Thomason and Subhashini Venugopalan and Sergio Guadarrama and
	Kate Saenko and Raymond Mooney},
  title = {Integrating Language and Vision to Generate Natural Language Descriptions
	of Videos in the Wild},
  booktitle = {COLING},
  year = {2015}
}

@OTHER{Thevenaz-BOOK-2000,
  author = {Th{\'e}venaz, Philippe and Blu, Thierry and Unser, Michael},
  booktitle = {Handbook of Medical Imaging, Processing and Analysis},
  editor = {I. Bankman},
  pages = {393--420},
  publisher = {Academic Press, San Diego CA, USA},
  title = {Image interpolation and resampling},
  year = {2000}
}

@OTHER{Thevenaz-BOOK-2000,
  author = {Th{\'e}venaz, Philippe and Blu, Thierry and Unser, Michael},
  booktitle = {Handbook of Medical Imaging, Processing and Analysis},
  editor = {I. Bankman},
  pages = {393--420},
  publisher = {Academic Press, San Diego CA, USA},
  title = {Image interpolation and resampling},
  year = {2000}
}

@INPROCEEDINGS{Lazebnik:2010:ECCV,
  author = {Joseph Tighe and Svetlana Lazebnik},
  title = {SuperParsing: Scalable Nonparametric Image Parsing with Superpixels.},
  booktitle = {ECCV},
  year = {2010}
}

@BOOK{Tikhonov-BOOK-1977,
  title = {Solution of Ill-posed Problems},
  publisher = {Winston \& Sons},
  year = {1977},
  author = {Tikhonov, A. N. and Arsenin, V. Y.},
  isbn = {0-470-99124-0},
  location = {Washington, USA}
}

@BOOK{Tikhonov-BOOK-1977,
  title = {Solution of Ill-posed Problems},
  publisher = {Winston \& Sons},
  year = {1977},
  author = {Tikhonov, A. N. and Arsenin, V. Y.},
  isbn = {0-470-99124-0},
  location = {Washington, USA}
}

@INPROCEEDINGS{Timofte-ICCV-2013,
  author = {Radu Timofte and Vincent {De Smet} and Luc {Van Gool}},
  title = {Anchored Neighborhood Regression for Fast Example-Based Super Resolution},
  booktitle = {ICCV},
  year = {2013}
}

@INPROCEEDINGS{Timofte-ICCV-2013,
  author = {Radu Timofte and Vincent {De Smet} and Luc {Van Gool}},
  title = {Anchored Neighborhood Regression for Fast Example-Based Super Resolution},
  booktitle = {ICCV},
  year = {2013}
}

@ARTICLE{Timofte-PRL-2014,
  author = {Radu Timofte and Luc {Van Gool}},
  title = {Adaptive and Weighted Collaborative Representations for image classification},
  journal = {Pattern Recognition Letters},
  year = {2014},
  pages = {127-135},
  volumes = {43}
}

@ARTICLE{Timofte-PRL-2014,
  author = {Radu Timofte and Luc {Van Gool}},
  title = {Adaptive and Weighted Collaborative Representations for image classification},
  journal = {Pattern Recognition Letters},
  year = {2014},
  pages = {127-135},
  volumes = {43}
}

@ARTICLE{Timofte-PRL-2013,
  author = {Radu Timofte and Luc {Van Gool}},
  title = {Adaptive and Weighted Collaborative Representations for Image Classification},
  journal = {Pattern Recognition Letters},
  year = {2013},
  doi = {http://dx.doi.org/10.1016/j.patrec.2013.08.010},
  issn = {0167-8655},
  url = {http://www.sciencedirect.com/science/article/pii/S0167865513003140}
}

@ARTICLE{Timofte-PRL-2013,
  author = {Radu Timofte and Luc {Van Gool}},
  title = {Adaptive and Weighted Collaborative Representations for Image Classification},
  journal = {Pattern Recognition Letters},
  year = {2013},
  doi = {http://dx.doi.org/10.1016/j.patrec.2013.08.010},
  issn = {0167-8655},
  url = {http://www.sciencedirect.com/science/article/pii/S0167865513003140}
}

@ARTICLE{Todorovic_Ahuja_2008,
  author = {Todorovic, Sinisa and Ahuja, Narendra},
  title = {Unsupervised category modeling, recognition, and segmentation in
	images.},
  journal = {IEEE Transactions on Pattern Analysis and Machine Intelligence},
  year = {2008},
  volume = {30},
  pages = {2158--2174},
  number = {12},
  publisher = {Published by the IEEE Computer Society},
  url = {http://www.ncbi.nlm.nih.gov/pubmed/18988949}
}

@ARTICLE{tiny08,
  author = {Torralba, Antonio and Fergus, Rob and Freeman, William T.},
  title = {80 Million Tiny Images: A Large Data Set for Nonparametric Object
	and Scene Recognition},
  journal = {TPAMI},
  year = {2008},
  volume = {30},
  pages = {1958--1970},
  booktitle = {Pattern Analysis and Machine Intelligence, IEEE Transactions on}
}

@INPROCEEDINGS{Context-based-object-recognition,
  author = {Torralba, A. and Murphy, K.P. and Freeman, W.T. and Rubin, M.A.},
  title = {Context-based vision system for place and object recognition},
  booktitle = iccv,
  year = {2003}
}

@ARTICLE{Toyoda:Random:PAMI08,
  author = {Takahiro Toyoda and Osamu Hasegawa},
  title = {Random Field Model for Integration of Local Information and Global
	Information.},
  journal = {PAMI},
  year = {2008},
  volume = {30},
  pages = {1483-1489}
}

@ARTICLE{Tropp-TIT-2007,
  author = {Joel A. Tropp and Anna C. Gilbert},
  title = {Signal Recovery From Random Measurements Via Orthogonal Matching
	Pursuit},
  journal = {IEEE Transactions on Information Theory},
  year = {2007},
  volume = {53},
  number = {12},
  month = {December}
}

@ARTICLE{Tropp2007,
  author = {Joel A. Tropp and Anna C. Gilbert},
  title = {Signal Recovery From Random Measurements Via Orthogonal Matching
	Pursuit},
  journal = {IEEE Transactions on Information Theory},
  year = {2007},
  volume = {53},
  number = {12},
  month = {December}
}

@ARTICLE{Tschumperle-PAMI-2005,
  author = {Tschumperle, D. and Deriche, R.},
  title = {Vector-valued image regularization with PDEs: a common framework
	for different applications},
  journal = {Pattern Analysis and Machine Intelligence, IEEE Transactions on},
  year = {2005},
  volume = {27},
  pages = {506-517},
  number = {4},
  month = {April},
  doi = {10.1109/TPAMI.2005.87},
  issn = {0162-8828}
}

@ARTICLE{Tschumperle-PAMI-2005,
  author = {Tschumperle, D. and Deriche, R.},
  title = {Vector-valued image regularization with PDEs: a common framework
	for different applications},
  journal = {Pattern Analysis and Machine Intelligence, IEEE Transactions on},
  year = {2005},
  volume = {27},
  pages = {506-517},
  number = {4},
  month = {April},
  doi = {10.1109/TPAMI.2005.87},
  issn = {0162-8828}
}

@INPROCEEDINGS{Tu:auto-context:2008,
  author = {Zhuowen Tu},
  title = {Auto-context and its application to high-level vision tasks.},
  booktitle = {CVPR},
  year = {2008}
}

@INPROCEEDINGS{texture:analysis,
  author = {Tuceryan, Mihran and Jain, Anil K.},
  title = {Texture Analysis},
  booktitle = {Handbook of Pattern Recognition and Computer Vision (2nd Ed.)},
  year = {1993},
  pages = {235-276}
}

@INPROCEEDINGS{Dense-interest-point,
  author = {Tinne Tuytelaars},
  title = {Dense Interest Points},
  booktitle = cvpr,
  year = {2010}
}

@ARTICLE{comp:ijcv09,
  author = {Tuytelaars, T and Lampert, C.~H. and Blaschko, M.~B. and Buntine,
	W.},
  title = {Unsupervised Object Discovery: A Comparison},
  journal = {IJCV},
  year = {2009}
}

@ARTICLE{local-survey,
  author = {Tinne Tuytelaars and Krystian Mikolajczyk},
  title = {Local invariant feature detectors: A survey},
  journal = {FnT Comp. Graphics and Vision},
  year = {2008},
  pages = {177--280}
}

@ARTICLE{material:pami:09,
  author = {Varma, M. and Zisserman, A.},
  title = {A Statistical Approach To Material Classification Using Image Patch
	Exemplars},
  journal = {PAMI},
  year = {2009},
  volume = {31},
  pages = {2032--2047},
  number = {11}
}

@ARTICLE{MatConvNet,
  author = {A. Vedaldi and K. Lenc},
  title = {MatConvNet -- Convolutional Neural Networks for MATLAB},
  journal = {CoRR},
  year = {2014},
  volume = {abs/1412.4564}
}

@INPROCEEDINGS{markov:topic,
  author = {Verbeek, J. and Triggs, B.},
  title = {Region Classification with Markov Field Aspect Models},
  booktitle = {CVPR},
  year = {2007}
}

@INPROCEEDINGS{expected:loss,
  author = {Vezhnevets, A. and Buhmann, J.M. and Ferrari, V.},
  title = {Active learning for semantic segmentation with expected change},
  booktitle = {CVPR},
  year = {2012}
}

@INCOLLECTION{AFrameSel,
  author = {S. Vijayanarasimhan and K. Grauman},
  title = {Active Frame Selection for Label Propagation in Videos},
  booktitle = {ECCV},
  year = {2012}
}

@INPROCEEDINGS{show:tell:caption,
  author = {Vinyals, Oriol and Toshev, Alexander and Bengio, Samy and Erhan,
	Dumitru},
  title = {Show and Tell: A Neural Image Caption Generator},
  booktitle = {CVPR},
  year = {2015}
}

@INPROCEEDINGS{cascade01,
  author = {Viola, P. and Jones, M.},
  title = {Rapid object detection using a boosted cascade of simple features},
  booktitle = {CVPR},
  year = {2001}
}

@INCOLLECTION{MSelLP,
  author = {Wang, Joseph and Bolukbasi, Tolga and Trapeznikov, Kirill and Saligrama,
	Venkatesh},
  title = {Model Selection by Linear Programming},
  booktitle = {ECCV},
  year = {2014}
}

@INPROCEEDINGS{siftllc:cvpr10,
  author = {Jinjun Wang and Jianchao Yang and Kai Yu and Fengjun Lv and Huang,
	T. and Yihong Gong},
  title = {Locality-constrained Linear Coding for image classification},
  booktitle = {CVPR},
  year = {2010}
}

@ARTICLE{Wang_Grimson_2008,
  author = {Wang, Xiaogang and Grimson, Eric},
  title = {Spatial Latent Dirichlet Allocation},
  journal = {Advances in Neural Information Processing Systems NIPS},
  year = {2008},
  volume = {20},
  pages = {1--8},
  publisher = {Citeseer},
  url = {http://people.csail.mit.edu/xgwang/papers/STLDA.pdf}
}

@ARTICLE{Waydo_Koch_2008,
  author = {Waydo, Stephen and Koch, Christof},
  title = {Unsupervised learning of individuals and categories from images.},
  journal = {Neural Computation},
  year = {2008},
  volume = {20},
  pages = {1165--1178},
  number = {5},
  publisher = {MIT Press},
  url = {http://www.ncbi.nlm.nih.gov/pubmed/18194101}
}

@ARTICLE{Waydo_Unsupervised,
  author = {Waydo, Stephen and Koch, Christof},
  title = {Unsupervised learning of individuals and categories from images},
  journal = {Neural Comput.},
  year = {2008},
  volume = {20},
  pages = {1165--1178},
  number = {5}
}

@ARTICLE{Weber_DiscoverObj,
  author = {M. Weber and M. Welling and P. Perona},
  title = {Towards Automatic Discovery of Object Categories},
  journal = cvpr,
  year = {2000},
  volume = {2},
  pages = {2101},
  issn = {1063-6919}
}

@ARTICLE{Weber_Welling_Perona_2000,
  author = {Weber, M and Welling, M and Perona, P},
  title = {Towards Automatic Discovery of Object Categories},
  journal = {Electrical Engineering},
  year = {2000},
  volume = {2},
  pages = {101--108},
  number = {1063},
  publisher = {IEEE Comput. Soc},
  url = {http://ieeexplore.ieee.org/xpls/abs_all.jsp?arnumber=854754}
}

@INPROCEEDINGS{Wei2009,
  author = {Wei, Li-Yi and Lefebvre, Sylvain and Kwatra, Vivek and Turk, Greg},
  title = {State of the Art in Example-based Texture Synthesis},
  booktitle = {EG-STAR},
  year = {2009}
}

@INPROCEEDINGS{WLKT09,
  author = {Wei, Li-Yi and Lefebvre, Sylvain and Kwatra, Vivek and Turk, Greg},
  title = {State of the Art in Example-based Texture Synthesis},
  booktitle = {Eurographics},
  year = {2009}
}

@ARTICLE{max:margin:knn,
  author = {Weinberger, Kilian Q. and Saul, Lawrence K.},
  title = {Distance Metric Learning for Large Margin Nearest Neighbor Classification},
  journal = {J. Mach. Learn. Res.},
  year = {2009},
  volume = {10},
  pages = {207--244}
}

@INPROCEEDINGS{shashing:nips09,
  author = {Weiss, Yair and Torralba, Antonio and Fergus, Rob},
  title = {Spectral hashing},
  booktitle = {NIPS},
  year = {2009}
}

@INPROCEEDINGS{Wendel:UnFacadeSeg:2011,
  author = {Andreas Wendel and Michael Donoser and Horst Bischof},
  title = {Unsupervised Facade Segmentation Using Repetitive Patterns.},
  booktitle = {DAGM},
  year = {2010},
  pages = {51-60}
}

@INPROCEEDINGS{smart:anno,
  author = {Yu-Shiang Wong and Hung-Kuo Chu and Niloy J. Mitra},
  title = {SMARTANNOTATOR An Interactive Tool for Annotating Indoor RGBD Images},
  booktitle = {Eurographics 2015},
  year = {2015}
}

@INPROCEEDINGS{Wonka:2003,
  author = {Wonka, Peter and Wimmer, Michael and Sillion, Fran\c{c}ois and Ribarsky,
	William},
  title = {Instant architecture},
  booktitle = {SIGGRAPH},
  year = {2003}
}

@ARTICLE{sparseface08,
  author = {Wright, J. and Yang, A. Y. and Ganesh, A. and Sastry, S. S. and Ma,
	Yi},
  title = {Robust Face Recognition via Sparse Representation},
  journal = {TPAMI},
  year = {2008},
  volume = {31},
  pages = {210--227},
  month = {April},
  booktitle = {Pattern Analysis and Machine Intelligence, IEEE Transactions on}
}

@INPROCEEDINGS{Wu:PACT:CVPR09,
  author = {Jianixn Wu and Rehg, J.M.},
  title = {Where am I: Place instance and category recognition using spatial
	PACT},
  booktitle = {CVPR},
  year = {2008},
  owner = {daid},
  timestamp = {2012.02.22}
}

@INPROCEEDINGS{Jianxin_PACT,
  author = {Jianxin Wu and James M. Rehg},
  title = {Where am I: Place instance and category recognition using spatial
	PACT},
  booktitle = cvpr,
  year = {2008}
}

@INPROCEEDINGS{Wu08,
  author = {Wu, J. X. and James, M. Rehg},
  title = {Where am I: Place instance and category recognition using spatial
	PACT.},
  booktitle = cvpr,
  year = {2008}
}

@ARTICLE{metric:clustering:12,
  author = {Lei Wu and Hoi, S.C.H. and Rong Jin and Jianke Zhu and Nenghai Yu},
  title = {Learning Bregman Distance Functions for Semi-Supervised Clustering},
  journal = {IEEE Trans. Knowl. Data Eng.},
  year = {2012},
  volume = {24},
  pages = {478-491},
  number = {3}
}

@ARTICLE{tianfu_policy,
  author = {Tianfu Wu and Song-Chun Zhu},
  title = {Learning Near-Optimal Cost-Sensitive Decision Policy for Object Detection},
  journal = {PAMI},
  year = {2015},
  volume = {37},
  pages = {1013-1027},
  number = {5}
}

@ARTICLE{Wu_AB,
  author = {Wu, Yingnian and Si, Zhangzhang and Gong, Haifeng and Zhu, Song-Chun},
  title = {Learning Active Basis Model for Object Detection and Recognition},
  journal = {IJCV},
  year = {2009},
  volume = {Epub ahead},
  doi = {10.1007/s11263-009-0287-0}
}

@ARTICLE{xia:texture,
  author = {Xia, Gui-Song and Delon, Julie and Gousseau, Yann},
  title = {Shape-based Invariant Texture Indexing},
  journal = {IJCV},
  year = {2010},
  volume = {88},
  pages = {382-403},
  number = {3}
}

@INPROCEEDINGS{Xiao:Image-based:2008,
  author = {Jianxiong Xiao and Tian Fang and Ping Tan and Peng Zhao and Eyal
	Ofek and Long Quan},
  title = {Image-based fa\c{c}ade modeling.},
  booktitle = {SIGGRAPH Asia},
  year = {2008}
}

@INPROCEEDINGS{Xiao:Image-based:2009,
  author = {Jianxiong Xiao and Tian Fang and Peng Zhao and Maxime Lhuillier and
	Long Quan},
  title = {Image-based street-side city modeling.},
  booktitle = {SIGGRAPH Asia},
  year = {2009}
}

@INPROCEEDINGS{SUN,
  author = {Jianxiong Xiao and James Hays and Krista A. Ehinger and Aude Oliva
	and Antonio Torralba},
  title = {SUN Database Large-scale Scene Recognition from Abbey to Zoo},
  booktitle = cvpr,
  year = {2010}
}

@INPROCEEDINGS{Sun_2010,
  author = {Xiao, J and Hays, J and Ehinger, K A and Oliva, A and Torralba, A},
  title = {SUN database: Large-scale scene recognition from abbey to zoo.},
  booktitle = cvpr,
  year = {2010}
}

@INPROCEEDINGS{metric:nips03,
  author = {Eric P. Xing and Andrew Y. Ng and Michael I. Jordan and Stuart Russell},
  title = {Distance Metric Learning, With Application To Clustering With Side-Information},
  booktitle = {NIPS},
  year = {2003}
}

@INPROCEEDINGS{weak:seg:xu,
  author = {Xu, Jia and Schwing, Alexander G. and Urtasun, Raquel},
  title = {Learning to segment under various forms of weak supervision},
  booktitle = {CVPR},
  year = {2015}
}

@INPROCEEDINGS{xu:nips05,
  author = {Linli Xu and James Neufeld and Bryce Larson and Dale Schuurmans},
  title = {Maximum margin clustering},
  booktitle = {NIPS},
  year = {2005}
}

@INPROCEEDINGS{Xu05unsupervisedand,
  author = {L. Xu and D. Schuurmans},
  title = {Unsupervised and semi-supervised multi-class support vector machines},
  booktitle = {AAAI},
  year = {2005}
}

@ARTICLE{tsmoothing2012,
  author = {Li Xu and Qiong Yan and Yang Xia and Jiaya Jia},
  title = {Structure Extraction from Texture via Natural Variation Measure},
  journal = {ACM Transactions on Graphics (SIGGRAPH Asia)},
  year = {2012}
}

@INPROCEEDINGS{Xu:2012,
  author = {Xu, Li and Yan, Qiong and Xia, Yang and Jia, Jiaya},
  title = {Structure Extraction from Texture via Relative Total Variation},
  booktitle = {SIGGRAPH Asia},
  year = {2012}
}

@INPROCEEDINGS{sp:benchmark,
  author = {Chih-Yuan Yang and Chao Ma and Ming-Hsuan Yang},
  title = {Single-Image Super-Resolution: A Benchmark},
  booktitle = {ECCV},
  year = {2014}
}

@INPROCEEDINGS{Yang-ICCV-2013,
  author = {Chih-Yuan Yang and Ming-Hsuan Yang},
  title = {Fast Direct Super-Resolution by Simple Functions},
  booktitle = {The IEEE International Conference on Computer Vision (ICCV)},
  year = {2013},
  month = {December}
}

@INPROCEEDINGS{Yang-ICCV-2013,
  author = {Chih-Yuan Yang and Ming-Hsuan Yang},
  title = {Fast Direct Super-Resolution by Simple Functions},
  booktitle = {The IEEE International Conference on Computer Vision (ICCV)},
  year = {2013},
  month = {December}
}

@ARTICLE{Yang-TIP-2010,
  author = {Jianchao Yang and Wright, J. and Huang, T.S. and Yi Ma},
  title = {Image Super-Resolution Via Sparse Representation},
  journal = {Image Processing, IEEE Transactions on},
  year = {2010},
  volume = {19},
  pages = {2861-2873},
  number = {11}
}

@ARTICLE{Yang2010,
  author = {Jianchao Yang and Wright, J. and Huang, T.S. and Yi Ma},
  title = {Image Super-Resolution Via Sparse Representation},
  journal = {Image Processing, IEEE Transactions on},
  year = {2010},
  volume = {19},
  pages = {2861-2873},
  number = {11}
}

@INPROCEEDINGS{Yang-CVPR-2008,
  author = {Jianchao Yang and John Wright and Thomas S. Huang and Yi Ma},
  title = {Image super-resolution as sparse representation of raw image patches},
  booktitle = {CVPR},
  year = {2008}
}

@INPROCEEDINGS{Yang2008,
  author = {Jianchao Yang and John Wright and Thomas S. Huang and Yi Ma},
  title = {Image super-resolution as sparse representation of raw image patches},
  booktitle = {CVPR},
  year = {2008}
}

@INPROCEEDINGS{land-use,
  author = {Yang, Yi and Newsam, Shawn},
  title = {Bag-of-visual-words and spatial extensions for land-use classification},
  booktitle = {ICAGIS},
  year = {2010}
}

@ARTICLE{LHI_Dataset,
  author = {Benjamin Yao and Xiong Yang and Song Chun Zhu.},
  title = {Introduction to a large scale general purpose ground truth dataset:
	methodology, annotation tool, and benchmarks},
  journal = {EMMCVPR},
  year = {2007}
}

@MASTERSTHESIS{yee:2000:SSA,
  author = {Yang Li Hector Yee},
  title = {Spatiotemporal sensistivity and visual attention for efficient rendering
	of dynamic environments},
  school = {Cornell University},
  year = {2000}
}

@ARTICLE{Yeh:2013,
  author = {Yeh, Yi-Ting and Breeden, Katherine and Yang, Lingfeng and Fisher,
	Matthew and Hanrahan, Pat},
  title = {Synthesis of tiled patterns using factor graphs},
  journal = {ACM Trans. Graph.},
  year = {2013},
  volume = {32},
  number = {1}
}

@INPROCEEDINGS{ml:tracking:06,
  author = {Jie Yu and Qi Tian and Amores, J. and Sebe, N.},
  title = {Toward Robust Distance Metric Analysis for Similarity Estimation},
  booktitle = {CVPR},
  year = {2006}
}

@ARTICLE{Zalesny05,
  author = {Zalesny, A. and Ferrari, V. and Caenen, G. and Van Gool, L.},
  title = {Composite Texture Synthesis},
  journal = {IJCV},
  year = {2005},
  volume = {62},
  number = {1-2}
}

@INPROCEEDINGS{Zalesny:00:Compact,
  author = {Alexey Zalesny and Luc J. Van Gool},
  title = {A Compact Model for Viewpoint Dependent Texture Synthesis},
  booktitle = {SMILE},
  year = {2000}
}

@ARTICLE{self-turning_2004,
  author = {Zelnik-Manor, Lihi and Perona, Pietro},
  title = {Self-Tuning Spectral Clustering},
  journal = {Advances in neural information processing systems},
  year = {2004},
  volume = {2},
  pages = {1601--1608},
  number = {1601-1608},
  publisher = {Citeseer},
  url = {http://citeseerx.ist.psu.edu/viewdoc/download?doi=10.1.1.84.7940&rep=rep1&type=pdf}
}

@INPROCEEDINGS{Zeyde-CS-2012,
  author = {Roman Zeyde and Michael Elad and Matan Protter},
  title = {On Single Image Scale-Up Using Sparse-Representations},
  booktitle = {Curves and Surfaces},
  year = {2012},
  pages = {711-730}
}

@INPROCEEDINGS{Zeyde-CS-2012,
  author = {Roman Zeyde and Michael Elad and Matan Protter},
  title = {On Single Image Scale-Up Using Sparse-Representations},
  booktitle = {Curves and Surfaces},
  year = {2012},
  pages = {711-730}
}

@INPROCEEDINGS{Zhang:2013,
  author = {Zhang, Hao and Xu, Kai and Jiang, Wei and Lin, Jinjie and Cohen-Or,
	Daniel and Chen, Baoquan},
  title = {Layered analysis of irregular facades via symmetry maximization},
  booktitle = {SIGGRAPH},
  year = {2013}
}

@ARTICLE{texture:local:feature,
  author = {Zhang, J. and Marszałek, M. and Lazebnik, S. and Schmid, C.},
  title = {Local Features and Kernels for Classification of Texture and Object
	Categories: A Comprehensive Study},
  journal = {IJCV},
  year = {2007},
  volume = {73},
  pages = {213-238},
  number = {2}
}

@ARTICLE{low:rank:texture:ijcv12,
  author = {Zhang, Zhengdong and Ganesh, Arvind and Liang, Xiao and Ma, Yi},
  title = {TILT: Transform Invariant Low-Rank Textures},
  journal = {IJCV},
  year = {2012},
  volume = {99},
  pages = {1-24},
  number = {1}
}

@ARTICLE{ltsa,
  author = {Zhenyue Zhang and Hongyuan Zha},
  title = {Principal Manifolds and Nonlinear Dimension Reduction via Local Tangent
	Space Alignment},
  journal = {SIAM Journal on Scientific Computing},
  year = {2004},
  volume = {26},
  pages = {313-338},
  number = {1}
}

@INPROCEEDINGS{Zhao:CVPR:2010,
  author = {P. Zhao and T. Fang and J. Xiao and H. Zhang and Q. Zhao and L. Quan
	and V. Buaa},
  title = {Rectilinear Parsing of Architecture in Urban Environment},
  booktitle = {CVPR},
  year = {2010}
}

@INPROCEEDINGS{crfasrnn,
  author = {Shuai Zheng and Sadeep Jayasumana and Bernardino Romera-Paredes and
	Vibhav Vineet and Zhizhong Su and Dalong Du and Chang Huang and Philip
	Torr},
  title = {Conditional Random Fields as Recurrent Neural Networks},
  booktitle = {ICCV},
  year = {2015}
}

@INCOLLECTION{super:coding:eccv10,
  author = {Zhou, Xi and Yu, Kai and Zhang, Tong and Huang, ThomasS.},
  title = {Image Classification Using Super-Vector Coding of Local Image Descriptors},
  booktitle = {ECCV},
  year = {2010}
}

@ARTICLE{Zhu:98:Frame,
  author = {Song Chun Zhu and Yingnian Wu and David Mumford},
  title = {Filters, Random fields And Maximum Entropy (FRAME) -- Towards a Unified
	Theory for Texture Modeling},
  journal = {IJCV},
  year = {1998},
  volume = {27},
  number = {2}
}

@ARTICLE{zhu:frame,
  author = {Zhu, Song Chun and Wu, Yingnian and Mumford, David},
  title = {Filters, Random Fields and Maximum Entropy (FRAME): Towards a Unified
	Theory for Texture Modeling},
  journal = {IJCV},
  year = {1998},
  volume = {27},
  pages = {107--126},
  number = {2}
}

@INPROCEEDINGS{edge:box,
  author = {Zitnick, C Lawrence and Doll, Piotr},
  title = {{Edge Boxes : Locating Object Proposals from Edges}},
  booktitle = {ECCV},
  year = {2014}
}

@MISC{barcelona:facade,
  howpublished = {\url{http://vision.mas.ecp.fr/Personnel/teboul/data.php}}
}

@MISC{dai:fasynproj,
  howpublished = {\url{www.vision.ee.ethz.ch/~daid/FacadeSyn}}
}

@MISC{sphinx,
  title = {CMU Sphinx},
  howpublished = {\url{http://cmusphinx.sourceforge.net/}}
}

@MISC{sphinx:webtrain,
  title = {CMU Sphinx},
  howpublished = {\url{http://www.speech.cs.cmu.edu/tools/lmtool-new.html}}
}

@MISC{smile,
  title = {Smile - Smart Photo Annotation},
  howpublished = {\url{https://play.google.com/store/apps/details?id=com.neuromorphic.retinet.smile}},
  year = {2015}
}

@inproceedings{lexfree2015,
    title={Lexicon-Free Conversational Speech Recognition with Neural Networks},
    author={Maas, Andrew L. and Xie, Ziang and Jurafsky, Dan and Ng, Andrew Y.},
    booktitle={Proceedings the North American Chapter of the Association for Computational Linguistics (NAACL)},
    year={2015}
}


 @inproceedings{end-to-end:speech,
  title={Towards end-to-end speech recognition with recurrent neural networks},
  author={Graves, Alex and Jaitly, Navdeep},
  booktitle={ICML},
  year={2014}
}

 @inproceedings{webly:cnn,
  title={Webly Supervised Learning of Convolutional Networks},
  author={Chen, Xinlei and Gupta, Abhinav },
  booktitle={ICCV},
  year={2015}
}






